4320 5414
974 1472 982 1482 ’
1065 1531 1096 1611 s.
1133 1520 1168 1597 1.

227 1759 230 1762 ’
273 1695 459 1842 Romani,
482 1783 584 1850 quum
601 1773 635 1829 et
651 1759 741 1828 lama
755 1757 968 1849 accepissent,
989 1778 1146 1844 magnam
1164 1757 1471 1846 antiquissimorum
1490 1762 1605 1828 Italiae
1620 1763 1807 1855 incolarum¹
1826 1782 1955 1854 partem

272 1879 353 1945 olim
377 1901 421 1943 ex
453 1878 595 1946 Graecia
624 1879 773 1958 venisse,
815 1888 849 1940 et
872 1875 935 1963 ipsi
961 1875 1051 1939 inter
1074 1898 1168 1941 snam
1188 1898 1408 1962 graecamque
1429 1877 1783 1964 lingnam'inaximam
1801 1885 1983 1952 viderent*

270 1993 480 2060 intercedere
503 1992 774 2076 similitudinem,
798 1991 896 2056 facile
916 1989 951 2054 in
973 2013 1047 2054 eam
1063 1976 1313 2056 adducebantur
1326 1991 1543 2093 opinionem,
1566 2005 1603 2058 ut
1618 1995 1755 2062 latinam
1773 1998 1921 2085 linguam
1940 2027 1959 2068 e

271 2128 390 2197 graeca
413 2090 523 2175 ortam
546 2109 683 2194 eiusque
704 2107 797 2192 quasi
813 2105 917 2170 filiam
935 2127 1004 2168 esse
1020 2105 1202 2170 crederent.
1248 2106 1363 2190 Quare
1382 2129 1425 2170 ex
1441 2105 1649 2173 Graecorum
1667 2110 1779 2196 lingua
1797 2114 1959 2202 pleraque

272 2226 437 2296 vocabula
466 2245 504 2288 ac
525 2223 650 2288 multas
679 2221 941 2287 declinationum-
965 2232 997 2284 et
1024 2221 1299 2306 coniugationum
1327 2218 1453 2288 formas
1476 2223 1694 2308 repetebant,
1726 2228 1853 2296 relicua
1874 2250 1960 2298 vero·

197 2397 200 2401 -
273 2347 396 2431 omnia,
420 2362 504 2431 quae
525 2360 585 2404 sua
598 2338 714 2424 lingua
728 2335 871 2402 habebat
880 2335 1019 2423 propria
1034 2358 1072 2400 ae
1088 2335 1181 2422 quasi
1195 2334 1384 2420 domestica,
1408 2359 1447 2402 ea
1462 2358 1506 2402 ex
1521 2338 1641 2425 linguis
1657 2322 1794 2408 illorum
1804 2337 1957 2434 populo·
2040 2420 2044 2427 ¹

271 2488 369 2547 rum,
398 2459 457 2544 qui
478 2455 516 2520 in
535 2454 654 2536 Latio,
681 2451 817 2518 Etruria
838 2461 1016 2535 ceteraque
1033 2451 1127 2516 ltalia
1142 2451 1324 2534 antiquitus
1339 2450 1594 2535 habitavissent,
1612 2454 1749 2526 fluxisse
1765 2458 1954 2546 opinaban.

272 2595 340 2647 tur.
385 2573 503 2654 Atque
528 2568 592 2633 ista
612 2566 748 2654 opinio,
771 2588 855 2652 quae
875 2566 944 2630 iam
969 2563 1059 2649 apud
1081 2564 1254 2630 Romanos
1280 2563 1444 2643 obtinuit,
1475 2564 1517 2629 ad
1535 2577 1649 2632 nostra
1670 2590 1774 2653 usque
1796 2584 1952 2663 tempora

183 2715 186 2719 ·
272 2700 459 2787 propagata
483 2696 542 2750 est.
585 2683 614 2748 F
617 2692 740 2746 uerunt
762 2680 853 2744 enim
869 2678 1022 2764 quidem,
1045 2679 1121 2763 qui,
1144 2701 1246 2765 quum
1258 2677 1451 2744 Gothorum
1465 2677 1593 2744 litteras
1607 2682 1737 2768 aliaque
1751 2686 1860 2773 prisca
1873 2711 1953 2776 ger.

272 2807 484 2879 manicarum
503 2798 698 2885 linguarum
720 2804 942 2861 monumenta
961 2803 1270 2880 perscrutarentur,
1292 2813 1487 2879 germanam
1503 2816 1637 2882 quoque
1658 2797 1809 2885 linguam
1830 2802 1953 2873 latinae

273 2920 478 2994 simillimam
498 2936 568 2979 esse
588 2911 828 2997 intelligerent,
848 2921 882 2975 et
897 2931 916 2973 e
930 2908 1142 2994 germanicae
1159 2908 1294 2995 linguae
1306 2908 1408 2972 initiis
1420 2909 1507 2974 hanc
1522 2933 1590 2976 esse
1603 2916 1823 3000 repetendam
1838 2943 1956 2986 cense-

271 3053 365 3120 rent,
385 3031 468 3112 rati,
488 3029 582 3094 illam
602 3027 643 3092 ab
656 3027 696 3092 iis
708 3027 860 3115 populis,
885 3024 942 3113 qui
958 3048 1001 3090 ex
1017 3025 1113 3090 terris
1130 3022 1446 3112 septentrionalibus
1464 3023 1500 3089 in
1514 3025 1645 3092 Italiam
1664 3027 1956 3117 immissi-avissent,

271 3156 406 3222 allatam
423 3169 502 3213 esse.
525 3200 532 3206 ,
545 3142 611 3207 Sed
626 3141 683 3207 isti
697 3141 782 3210 nihil
798 3140 921 3205 dixisse
936 3139 1158 3222 videbantur,
1185 3160 1248 3202 nec
1262 3149 1421 3226 poterant
1434 3140 1481 3205 ita
1497 3142 1693 3228 opinionem
1711 3146 1768 3211 diu
1784 3148 1956 3217 invetera-

271 3277 341 3339 tam
372 3288 416 3332 ex
437 3259 617 3330 hominum
637 3256 758 3322 animis
779 3257 940 3339 evellere,
976 3275 1079 3342 quum
1108 3255 1303 3342 praesertim
1330 3253 1482 3341 plerique
1503 3266 1660 3321 veterum
1684 3263 1955 3343 germanicarum

184 3412 189 3423 ·
272 3376 459 3454 litterarum
484 3374 585 3442 rudes
606 3385 639 3438 et
659 3372 767 3458 ignari
788 3384 913 3454 essent,
942 3353 977 3437 et
1000 3392 1084 3456 quae
1103 3370 1166 3458 ipsi
1186 3370 1407 3454 ignorabant,
1435 3367 1605 3435 fastidiose
1623 3389 1832 3459 respuerent.
1875 3381 1954 3446 No-

273 3503 412 3567 vissime
428 3493 565 3559 demum
581 3501 750 3578 tempore,
774 3488 944 3572 quomodo
959 3487 1101 3553 illatam
1114 3487 1201 3552 mira
1216 3507 1372 3572 graecae,
1395 3484 1517 3550 latinae
1531 3486 1806 3575 germanicaeque
1820 3494 1953 3582 linguae

199 3602 206 3644 ·.
272 3621 361 3686 inter
384 3636 421 3679 se
440 3605 628 3675 similitudo
645 3614 718 3669 orta
739 3603 799 3685 rit,
822 3604 1031 3670 intellectum
1053 3625 1090 3668 ac
1112 3603 1212 3689 plane
1236 3602 1335 3666 novis
1358 3599 1563 3687 argumentis
1579 3600 1778 3671 illustratum
1793 3630 1954 3700 compro-

273 3716 456 3814 batumque
482 3735 541 3788 est.
584 3722 676 3787 Nam
690 3720 850 3789 William
873 3719 991 3801 Jonas,
1014 3717 1282 3804 homoAnglus,
1305 3717 1413 3780 veteri
1437 3730 1471 3780 et
1485 3719 1792 3786 sanctaelndorum
1808 3724 1957 3815 linguae,

274 3856 375 3936 quam
397 3841 591 3910 sanseritam
613 3848 752 3918 vocant,
773 3835 904 3924 primus
927 3847 959 3898 et
979 3834 1050 3922 ipse
1070 3855 1228 3920 maguam
1253 3832 1392 3900 navarit
1416 3836 1554 3920 operam
1577 3844 1609 3896 et
1630 3834 1868 3929 eius‘studium
1894 3866 1955 3910 suo

271 3962 432 4052 exemplo
469 3978 594 4042 suaque
631 3952 830 4033 auctoritate
860 3950 1015 4015 omnibns
1047 3948 1242 4015 cultioribus
1274 3947 1406 4036 populis
1430 3946 1662 4037 maximopere
1690 3957 1952 4026 commendavit.

272 4071 455 4169 Postquam
474 4069 666 4160 aliquandiu
687 4069 749 4133 soli
763 4066 865 4152 Angli
884 4065 925 4130 ad
946 4067 1041 4133 illam
1057 4063 1204 4151 lingnam
1220 4065 1373 4130 animum
1390 4063 1622 4148 attenderunt,
1643 4066 1742 4132 mam
1759 4070 1847 4157 apud
1863 4086 1954 4139 cete·

272 4220 328 4264 ros
343 4197 500 4282 Europae
517 4187 661 4276 populos
681 4184 804 4249 sensim
826 4205 864 4246 ac
885 4179 1090 4269 pedetentim
1106 4180 1259 4265 cognosci
1273 4178 1393 4265 coepit.
1436 4179 1552 4265 Atque
1567 4203 1586 4244 e
1601 4183 1802 4250 nostratibus
1820 4187 1953 4272 quidem

274 4309 465 4375 hominibus
484 4302 675 4372 Friderieus
694 4298 918 4384 Schlegelius,
946 4295 1035 4379 quod
1061 4294 1216 4379 equidem
1236 4293 1358 4377 sciam,
1395 4293 1526 4382 primus
1546 4292 1629 4380 fnit,
1662 4298 1719 4384 qui
1743 4301 1893 4367 animum
1915 4314 1953 4369 ac

275 4425 421 4495 studium
443 4422 484 4486 ad
503 4418 695 4486 sanseritam
716 4416 863 4501 linguam
889 4411 1094 4502 applicaret,
1116 4410 1250 4494 suisque
1272 4411 1493 4503 popularibus
1514 4421 1631 4476 auctor
1640 4425 1730 4479 'esset
1745 4425 1775 4478 et
1791 4415 1952 4502 hortator,

273 4556 432 4610 nt‘suum
459 4534 651 4624 exemplum
684 4541 917 4618 sequerentur,
952 4526 987 4593 id
1018 4527 1105 4615 quod
1134 4527 1247 4615 paullo
1268 4537 1344 4614 post
1372 4525 1540 4615 Boppim,
1569 4525 1752 4612 Frankius,
1784 4529 1953 4618 Augustus
2024 4557 2028 4563 ’

1521 4639 1557 4706 Α
