4320 5414
48 653 56 665 x
132 558 187 633 'et'
209 557 312 633 att„
535 566 540 576 ’
618 597 665 616 -
686 556 730 614 ··'·
751 558 870 639 edessae
888 561 963 659 ἀλκῇ

72 664 104 753 ,”
445 681 645 773 σφωῖτέρῃ
670 681 819 751 πάντεσσι
842 682 1068 770 μετέπρεπεν
1084 663 1273 776 Αἰολίδῃτνν.
1417 714 1419 719 ·

25 832 61 853 .=
149 793 206 866 ct.
227 795 326 865 sunu.
348 795 421 884 111‚·
435 801 511 865 aar.
534 810 568 864 es
588 802 665 895 ooo.
686 798 715 884 1,
736 798 810 867 aas.
1017 780 1023 789 ’
1102 772 1113 784 ’
1324 804 1327 811 ·
1521 783 1530 795 '

16 898 40 945 ⁴
74 889 85 905 .
127 920 132 929 ’
252 913 289 998 d)
311 915 409 980 Duae
430 925 543 982 autem
561 916 723 984 videntur
744 920 881 983 'caussae
900 913 1023 1000 luisse,
1052 917 1172 1003 quibus
1194 895 1352 987 effectum
1374 930 1442 1007 est,
1464 931 1502 987 ut
1521 921 1579 989 ille
1599 928 1730 1017 amplus
1752 942 1858 1020 prot
1886 929 1888 933 ’

145 1029 296 1098 nominis
316 1029 481 1119 reciproci
503 1054 581 1098 usus
602 1034 640 1100 in
661 1035 734 1100 aliis
755 1032 879 1120 linguis
900 1044 1144 1117 coarctaretur,
1170 1035 1207 1100 in
1230 1036 1302 1102 aliis
1324 1037 1389 1102 hoc
1409 1021 1600 1127 pronomen
1623 1044 1741 1112 tertiae
1756 1069 1838 1133 per·

147 1168 251 1213 sonae
273 1160 427 1213 maneret
448 1149 672 1236 reciprocum.
716 1152 869 1218 Primum
892 1151 1003 1234 enim,
1032 1169 1135 1234 quum
1159 1151 1335 1219 hominnm
1355 1152 1529 1239 ingenium
1552 1167 1584 1220 et
1598 1158 1692 1223 ratio
1712 1163 1837 1229 sensim

145 1251 379 1348 excoleretur,
408 1264 525 1352 illique
548 1267 668 1353 magis,
699 1267 841 1354 quaein
863 1260 1060 1332 uuiversum
1086 1266 1295 1353 acciderent,
1322 1291 1424 1355 qnam
1445 1270 1698 1359 quaeipsorum
1722 1276 1860 1344 silices

145 1389 222 1446 rent
235 1400 357 1473 corpus
374 1376 590 1464 animumve,
614 1383 882 1468 considerarent,
904 1383 1019 1468 lingua
1035 1404 1169 1469 quoque
1183 1406 1300 1450 eorum
1312 1384 1489 1471 ingenium
1507 1399 1622 1454 secuta
1635 1401 1704 1471 est,
1725 1387 1836 1481 neque

144 1505 215 1561 tam
243 1494 409 1580 studiose,
441 1520 541 1584 quam
570 1510 685 1585 antea,
716 1501 888 1575 actionum
916 1497 989 1563 vim
1011 1497 1221 1584 reciprocam
1250 1499 1424 1588 expressit.
1448 1500 1602 1568 *Deinde
1622 1502 1659 1568 in
1681 1506 1721 1573 iis
1742 1510 1835 1595 locis,

145 1610 205 1678 ubi
227 1611 359 1702 primae
377 1614 608 1702 secundaeque
628 1638 792 1705 personae
812 1635 1004 1701 pronomen
1026 1613 1240 1699 reciprocum
1262 1616 1485 1681 necessarium
1508 1629 1597 1701 erat,
1631 1621 1732 1688 etiam
1749 1647 1834 1712 pro.

144 1748 274 1794 nomen
302 1726 433 1815 primae
464 1728 691 1795 et.secundae
719 1752 884 1819 personne
906 1727 1120 1815 primitivum
1140 1729 1297 1816 usurpari
1317 1729 1447 1816 potuit,
1475 1732 1577 1818 idque
1600 1736 1834 1809 eo'lubentins

143 1842 316 1924 fecerunt,
343 1843 434 1928 quod
461 1865 653 1932 pronomen
682 1842 893 1934 reciprocum
915 1840 1087 1907 interdum
1110 1845 1150 1910 ab
1173 1842 1396 1909 auditore'ad
1426 1844 1537 1927 aliud,
1570 1859 1669 1933 atque
1691 1851 1833 1940 loquens

144 1955 275 2055 voluit,
302 1979 431 2025 nomen
458 1957 581 2028 referri
608 1973 643 2028 et
672 1981 851 2050 perperam
878 1957 1023 2044 intelligi
1049 1958 1177 2046 potuit,
1209 1957 1245 2022 id
1267 1958 1359 2045 quod
1378 1957 1417 2022 in
1436 1961 1639 2046 pronomine
1660 1972 1847 2054 personali,

143 2094 320 2162 nunquam
349 2074 499 2143 accidere
519 2078 642 2166 potuit.
686 2079 778 2145 Nam
805 2075 843 2140 in
865 2073 1011 2140 Homeri
1029 2095 1132 2139 versu
1153 2072 1192 2137 Il.
1210 2071 1275 2160 Xl,
1303 2071 1375 2140 142.
1398 2098 1400 2104 ⁴

153 2177 158 2187 ,
436 2200 491 2262 viv
511 2196 569 2281 μὲν
593 2191 629 2274 dri
657 2189 694 2262 οὗ
721 2187 839 2282 πατρὸς
859 2189 961 2258 ἀεικέα
982 2194 1080 2259 τίσετε
1101 2190 1209 2272 λώβην,
1268 2205 1271 2208 ’

71 2294 74 2301 ’
142 2306 181 2379 οἷν
204 2322 242 2378 ut
263 2309 505 2398 intelligamus,
536 2309 764 2379 antecedentia
792 2320 945 2378 accurate
973 2308 1133 2376 debemus
1156 2303 1384 2392 considerare,
1415 2325 1522 2394 quum
1543 2307 1691 2399 ἑμετέρον
1713 2335 1776 2403 per
1798 2340 1839 2386 ss·

141 2428 362 2517 intelligatur.
405 2428 450 2495 Et
471 2428 513 2494 lt
528 2427 575 2511 X,
597 2431 670 2495 398.

559 2547 646 2631 φτῖξεν
668 2547 841 2630 βουλεύοντε
860 2543 961 2632 μετὰ
981 2551 1141 2634 σφίσιν,
1692 2621 1697 2631 ,

141 2662 170 2729 si
191 2659 265 2747 μεθ’
286 2657 357 2747 ὑμῖν
379 2657 567 2746 dicebatur,
596 2660 632 2726 id
653 2666 736 2748 non*
749 2662 862 2752 potuit
889 2687 960 2731 esse
981 2664 1187 2751 ambiguum.
1228 2659 1331 2727 Plane
1352 2656 1450 2727 aliter
1469 2657 1506 2726 in
1527 2658 1648 2758 tertiqe
1668 2685 1832 2754 personae
1938 2736 1944 2743 ,

141 2777 346 2869 pronomine
374 2799 429 2844 res
455 2800 491 2844 se
519 2777 631 2846 habet·
684 2781 776 2847 Nam
798 2782 840 2846 ad
861 2773 993 2851 tertiam
1015 2801 1195 2869 personam
1211 2790 1367 2845 accurate
1384 2789 1423 2844 et
1443 2777 1620 2869 perspicue
1639 2779 1832 2868 significan-

55 2950 57 2955 s
142 2897 221 2962 dam
251 2916 443 2985 pronomen
468 2894 680 2985 reciprocum
706 2898 889 2965 admodum
921 2910 968 2967 est
995 2896 1230 2965 necessarium.
1282 2895 1402 2961 Tertia
1429 2895 1521 2960 enim
1550 2918 1694 2984 persona
1723 2919 1830 2984 quum
1902 2972 1904 2977 ,

28 3079 38 3089 ,
142 3013 260 3083 omnia
282 3010 522 3093 enuntientur,
549 3033 636 3101 quae
653 3014 787 3103 primae
808 3028 840 3083 et
861 3016 957 3084 alteri
978 3038 1143 3105 personae
1164 3024 1243 3080 sunt
1263 3010 1435 3102 opposita,
1464 3030 1636 3100 quumque
1662 3035 1702 3080 ea
1723 3015 1831 3087 multa
1851 3039 1855 3050 ¹

140 3132 209 3197 sint
228 3150 267 3199 ac
286 3128 399 3214 varia,
424 3128 614 3197 maximum
646 3147 696 3199 est
724 3132 971 3222 perspicuitatis
992 3131 1242 3212 adiumentum,
1270 3130 1298 3193 si
1320 3127 1436 3192 tertiae
1457 3150 1627 3219 personae·
1638 3150 1829 3214 pronomen

133 3248 353 3336 ‘reciprocum
374 3245 488 3333 lingna
510 3245 623 3330 eliqua
636 3246 746 3314 habet
782 3249 919 3316 Etenim
934 3249 998 3319 nisi
1014 3248 1165 3315 diversae
1179 3256 1289 3312 essent
1303 3242 1444 3337 formae,
1469 3266 1553 3331 quae
1568 3244 1735 3341 ettertiae
1746 3266 1830 3332 per·
1931 3236 1938 3247 ⁸

141 3387 245 3443 sonae
265 3383 455 3452 pronomen
476 3361 690 3452 primitivum
713 3375 746 3430 et
766 3365 838 3431 eius
859 3365 1072 3454 reciprocum
1091 3364 1297 3445 indicarent,
1327 3359 1525 3442 discrimen,
1557 3359 1647 3446 qnod
1671 3372 1721 3427 est
1738 3361 1829 3428 inter

63 3519 66 3523 ·
138 3478 331 3551 vulneravit
349 3501 426 3545 eum
442 3486 477 3546 et
488 3478 679 3547 vulneravit
691 3503 743 3570 se,
766 3483 905 3548 omnino
921 3506 991 3547 non
1010 3491 1121 3570 posset
1137 3478 1296 3568 exprimi,
1319 3488 1354 3543 et
1368 3498 1499 3542 summa
1514 3475 1625 3544 ubivis
1639 3457 1827 3546 sententiae

139 3601 287 3665 oriretur
307 3574 502 3662 obscuritas.
543 3595 685 3686 Propter
704 3597 768 3662 hoc
793 3598 953 3664 orationis
974 3598 1193 3663 commodum
1215 3595 1315 3661 etiam
1339 3593 1376 3658 in
1395 3592 1434 3658 iis
1453 3592 1594 3678 linguis,
1623 3593 1659 3660 in
1682 3589 1825 3680 quarum

39 3775 45 3781 .
136 3702 367 3782 monumentis
392 3711 488 3779 nulla
514 3710 644 3798 antiqui
666 3712 795 3779 latioris
816 3737 895 3780 usus
917 3713 1058 3800 vestigia
1077 3710 1274 3801 supersunt,
1307 3710 1427 3778 tertiae
1449 3731 1612 3797 personae
1631 3731 1824 3795 pronomen

133 3832 345 3921 reciprocum
364 3837 533 3893 retentum
553 3839 651 3915 atque
672 3840 842 3896 servatum
865 3843 933 3916 eat,
961 3830 1125 3917 tertiaque
1149 3850 1293 3918 persona
1314 3828 1385 3894 eius
1408 3847 1506 3892 nsum
1524 3837 1634 3893 totum
1655 3823 1719 3890 eibi
1743 3824 1824 3891 vin-

135 3947 270 4015 dicavit.

241 4060 272 4150 e)
296 4060 335 4140 ln
358 4059 461 4126 latina
482 4059 595 4149 lingua
614 4061 712 4130 latior
733 4063 790 4129 ille
811 4084 890 4128 usus
912 4062 1121 4152 pronominis
1137 4063 1308 4152 reciproci
1326 4063 1427 4152 plane
1440 4058 1560 4148 petiit,
1582 4081 1690 4150 pauca
1706 4050 1836 4128 tamen

137 4171 318 4268 supersunt
341 4175 497 4262 vestigia,
521 4179 691 4266 equibus,
717 4201 818 4266 quam
838 4202 919 4244 vera
938 4180 1022 4266 sint,
1046 4202 1131 4266 quae
1152 4179 1193 4243 de
1214 4178 1445 4265 antiquissima
1458 4179 1529 4242 eius
1543 4186 1706 4265 potestate
1721 4176 1820 4243 dixe-

49 4330 60 4349 ι
136 4295 261 4374 rimus,
284 4304 392 4382 potest
415 4292 585 4382 perspici„
614 4295 750 4361 Etenim
766 4296 853 4382 ipre,
876 4295 964 4380 quod
980 4318 1056 4360 cum
1073 4269 1228 4360 omnibus
1246 4296 1396 4383 personis
1408 4282 1644 4379 coniungitur,
1667 4293 1817 4380 Boppiue
1851 4337 1853 4340 .

135 4420 225 4476 recte
240 4430 258 4473 e
273 4392 474 4497 pronomine
489 4409 606 4474 tertiae
621 4388 784 4498 personae
796 4410 828 4489 ¹is
843 4433 883 4474 en
899 4410 938 4474 iat
952 4423 985 4475 ct
996 4433 1042 4496 εν,
1065 4411 1229 4500 reciproci
1243 4411 1365 4494 radice,
1389 4409 1612 4498 compositum
1627 4432 1696 4473 esse
1709 4421 1815 4494 putat.
1842 4394 1862 4476 ¹.
1892 4451 1895 4457 .

134 4522 373 4614 Transpositae
393 4523 529 4610 quidem
550 4525 679 4602 litterae
687 4549 751 4616 pce
766 4548 828 4616 pro
841 4551 878 4594 εν
892 4527 964 4594 aive
980 4523 1017 4590 sb
1033 4527 1205 4625 offendere
1220 4550 1290 4595 non
1302 4538 1459 4617 possunt,
1481 4547 1586 4611 quum
1602 4522 1691 4619 apud
1707 4521 1827 4592 Dores‘

395 4642 398 4651 .
1128 4652 1132 4659 ,
1430 4643 1464 4708 D
1670 4647 1674 4651 -
