4320 5414
240 578 284 666 φὲ
301 596 365 666 pro
385 570 447 658 σφέ
466 579 501 636 et
519 571 576 656 spir
587 588 652 658 pro
668 564 742 650 epis
762 558 818 650 (ct
836 558 1001 628 Maittaire
1021 559 1063 626 de
1076 557 1217 628 Dialsct.
1231 558 1282 628 ed.
1295 561 1408 645 Stura,
1430 582 1465 651 p.
1478 561 1567 653 262.)
1589 564 1733 637 dicatur.
1777 570 1928 644 Pfflm
1949 637 1951 640 y
1978 624 2004 645 „

240 703 355 761 autem
376 686 477 756 huius
505 681 661 753 vocabuli
685 691 819 770 partem
840 700 886 744 ex
905 678 937 744 is
962 700 1004 745 ea
1027 676 1066 744 id
1082 678 1287 766 pronomine
1308 690 1417 748 ortam
1439 702 1528 766 eme,
1565 681 1830 755 assandunam„
1853 686 1930 759 for.

240 832 337 895 mae,
365 807 403 893 iu
424 802 545 894 quibus
565 799 676 890 prima
696 794 797 862 huius
816 794 1030 891 pronominis
1050 810 1129 884 pars
1149 795 1315 870 declinata
1333 808 1400 880 esta
1445 796 1555 867 ruat
1570 797 1694 867 Cistell.
1707 799 1736 883 1,
1755 803 1791 887 t,
1812 809 1868 876 22,

536 942 576 1000 ut
591 944 733 1020 eampse
751 926 888 998 audistis
913 927 1115 998 comitarier.
1391 903 1394 909 ¹
1784 936 1787 940 ’

224 1096 226 1100 ”
243 1071 366 1143 'Aulul.
382 1069 425 1157 V,
444 1073 497 1181 7.Ι

401 1205 403 1209 ’
536 1179 646 1249 Credo
662 1200 724 1266 ego
740 1175 857 1260 illum,
887 1188 924 1244 at
946 1175 1042 1263 iussi,
1064 1198 1201 1266 eampse
1214 1199 1318 1245 anum
1332 1178 1449 1248 adisse.

116 1377 120 1385 .
241 1323 347 1390 Plaut.
368 1313 503 1386 curcul.
525 1313 588 1396 lV,
612 1318 641 1396 3,
665 1319 697 1379 2.

537 1430 620 1498 Non
644 1451 706 1517 ego
726 1449 819 1494 nunc
840 1425 1002 1492 mediocri
1022 1424 1144 1492 incedo
1166 1424 1269 1501 iratus
1284 1425 1470 1510 iracundia,

538 1547 605 1613 Sed
627 1565 726 1632 eapse
746 1543 830 1624 illu,
852 1565 918 1630 qua
938 1542 1151 1609 excidionem
1169 1539 1281 1608 facere
1300 1543 1467 1609 condidici
1484 1544 1625 1636 oppidis.

243 1684 376 1753 etibid.
399 1683 430 1748 5.
459 1731 464 1741 .
534 1678 616 1746 Non
638 1675 778 1764 aedepol
800 1697 891 1741 nunc
908 1695 970 1761 ego
992 1685 1024 1738 te
1043 1673 1206 1740 mediocri
1222 1686 1331 1740 macto
1348 1673 1548 1764 infortunio,

533 1792 599 1860 Sed
619 1813 713 1880 eopse
734 1789 816 1872 illo,
845 1811 913 1879 quo
935 1800 1082 1856 mactare
1103 1791 1215 1876 soleo,
1239 1791 1319 1876 quoi
1334 1791 1419 1858 nihil
1432 1793 1549 1860 debeo.

193 1942 201 1961 ‘
242 1947 276 2004 et
291 1934 430 2001 Trucul.
445 1933 484 2010 2,
506 1930 543 2007 6,
567 1926 619 1992 15.

537 2041 635 2112 Alios
653 2039 839 2127 collaudat,
860 2058 961 2127 eapse
973 2036 1109 2105 severo
1125 2062 1196 2105 non
1210 2050 1330 2128 potest.

240 2185 336 2251 Idem
357 2186 538 2270 apparete
564 2196 698 2263 reapse,
726 2171 815 2261 quod
836 2172 956 2238 Festus
978 2169 1035 2258 (ci.
1056 2173 1217 2262 Excerpt.
1239 2167 1337 2240 Pauli
1355 2171 1452 2244 Dia'c.
1470 2197 1503 2265 p.
1516 2173 1568 2243 58.
1590 2178 1736 2270 exempl.
1755 2177 1929 2278 Lindem.)

242 2325 288 2371 ex
310 2319 347 2363 re
368 2311 401 2364 et
414 2315 521 2383 eapse
539 2302 691 2359 muctare
712 2288 801 2377 dicit.
844 2286 885 2353 Id
908 2286 1020 2376 ipsum
1039 2311 1138 2377 eapse
1157 2289 1249 2356 idem
1268 2288 1416 2379 explicat
1434 2313 1475 2355 ea
1497 2291 1574 2378 ipsc
1592 2289 1760 2379 offertque
1773 2296 1810 2361 in
1825 2319 1933 2386 reque

242 2436 342 2506 eopse
361 2414 445 2480 haee
465 2411 569 2479 verba
584 2405 748 2495 Scipionis
762 2401 938 2470 Africani:
962 2400 1091 2487 Quibus
1104 2404 1146 2471 de
1159 2403 1349 2497 homiuibus
1362 2428 1441 2472 cum
1454 2429 1514 2498 ego
1529 2430 1627 2496 saepe
1641 2420 1742 2499 atque
1756 2410 1794 2479 iu
1804 2415 1928 2484 uueltia
1993 2392 1997 2397 Ι

240 2533 325 2600 locis
345 2517 466 2618 opera,
495 2523 628 2616 factis,
657 2520 826 2602 consiliis,
855 2542 982 2610 reque
1002 2543 1130 2609 eopse
1151 2519 1231 2588 dene
1251 2523 1395 2591 meritus
1413 2524 1510 2592 siem.
1552 2525 1678 2592 Seneca
1698 2540 1811 2597 autem
1831 2533 1929 2620 epist.

240 2649 365 2721 CVIII.
390 2649 479 2724 haec,
501 2641 617 2709 habet:
652 2637 1083 2726 Grammaticusjtprimum
1102 2659 1253 2727 reapse
1272 2637 1345 2707 dici
1362 2663 1386 2706 a
1411 2639 1585 2730 Cicerone,
1615 2642 1742 2729 idest,
1765 2651 1928 2741 reipsa,

238 2766 278 2834 in
300 2757 584 2833 commentarium
604 2753 731 2846 refert,
753 2754 940 2853 perminus
954 2777 1093 2843 sepse,
1114 2753 1153 2821 id
1169 2768 1228 2840 est,
1249 2778 1291 2822 se
1312 2755 1327 2822 i
1330 2779 1417 2847 pse.
1460 2759 1532 2825 Eae
1544 2758 1676 2830 formae
1691 2776 1771 2831 sunt
1785 2765 1927 2858 indicio,

238 2882 420 2969 antiquitus
450 2873 598 2966 primam
625 2882 758 2956 tantum
783 2871 884 2939 huius
912 2873 1126 2961 pronominis
1154 2871 1332 2962 compositi
1358 2885 1491 2963 partem
1520 2874 1721 2946 declinatam
1747 2905 1834 2969 esse3
1863 2889 1928 2956 sed

198 3042 204 3061 ,ι
236 3010 373 3089 postero
388 3007 543 3081 tempore
557 3000 617 3056 aut
630 3000 812 3076 utrumque
824 3010 1015 3077 pronomen
1030 2988 1232 3055 declinatum
1248 3001 1314 3074 est,
1340 2990 1434 3058 cuius
1447 3015 1549 3082 supra
1566 2993 1596 3078 §.
1611 2993 1641 3064 5.
1663 2996 1700 3061 in
1717 3020 1835 3087 sapsa,
1856 3026 1925 3092 pro

236 3137 279 3185 ec
300 3114 377 3204 ipsu
396 3108 504 3190 dicto,
533 3105 726 3195 exemplum
750 3103 966 3191 videbamus,
995 3116 1071 3192 aut,
1100 3106 1228 3194 syllaba
1250 3105 1365 3196 priore
1386 3108 1584 3193 immutata,
1611 3111 1720 3180 omnis
1741 3112 1923 3191 declinatio
2017 3150 2020 3161 ·

237 3234 282 3303 ad
302 3232 459 3299 ultimam
480 3224 644 3315 syllabam
666 3222 807 3292 transiit.
850 3221 946 3288 Idem
973 3221 1064 3292 haud
1084 3245 1164 3290 raro
1191 3223 1230 3290 in
1250 3223 1324 3290 aliis
1344 3223 1468 3313 linguis
1488 3246 1550 3293 usu
1572 3228 1677 3296 venit.
1719 3231 1810 3301 Nam
1830 3234 1926 3330 ὅςτις,

235 3347 330 3416 cuius
358 3342 500 3435 propria
520 3339 698 3409 declinatio
721 3352 789 3407 est:
819 3333 939 3418 οὗτινος
946 3389 957 3425 ,
983 3332 1086 3431 qircu,
1115 3340 1216 3408 habet
1236 3339 1336 3408 etiam
1356 3341 1446 3427 droa,
1474 3341 1554 3434 dap,
1583 3355 1617 3412 et
1637 3346 1802 3419 alteruter
1821 3353 1927 3427 habet

143 3459 146 3462 ’
236 3462 378 3534 ulterius
405 3458 516 3527 utrius
543 3470 577 3526 et
605 3457 817 3561 alterutrius.
860 3457 1040 3525 Nonnulla
1068 3457 1167 3525 huius
1194 3459 1328 3547 generis
1347 3459 1505 3547 exempla
1521 3459 1559 3526 in
1578 3459 1701 3550 linguis
1720 3474 1923 3555 germanicis

233 3581 313 3651 vide
335 3578 424 3669 apud
448 3575 675 3660 Grimmium,
700 3577 885 3644 Grammat.
908 3587 988 3642 torn.
1011 3575 1074 3641 III.
1090 3597 1125 3664 p.
1141 3574 1193 3641 84.
1237 3575 1281 3641 In
1301 3573 1544 3663 significatione
1565 3589 1678 3646 autem
1699 3582 1799 3652 buius
1819 3591 1922 3660 verbi

233 3699 318 3770 nihil
343 3712 414 3781 est,
445 3692 536 3782 quod
564 3691 741 3785 impediat,
773 3715 841 3781 quo
869 3692 984 3759 minus
1005 3692 1077 3781 ipse
1098 3716 1116 3757 e
1137 3689 1339 3783 pronomine
1366 3693 1540 3782 reciproco
1567 3706 1682 3763 ortum
1710 3723 1780 3770 csse
1800 3727 1923 3775 oense·

231 3838 337 3883 amus.
380 3816 475 3884 Nam
497 3811 568 3900 ipse
588 3833 665 3877 cum
689 3803 844 3877 omnibus
859 3808 1012 3898 personis
1029 3807 1261 3898 coniungitur,
1280 3807 1449 3896 habetque
1469 3809 1540 3877 vim
1553 3812 1771 3902 reciprocam.
1811 3819 1921 3908 quue

232 3930 333 3999 etiam
353 3931 400 3999 ita
427 3926 622 3995 confirmari
643 3926 794 4012 videtur,
828 3924 916 4015 quod
946 3925 987 3992 in·
1008 3925 1123 4013 lingua
1150 3926 1261 3994 indica
1286 3923 1427 4015 sotejam
1455 3923 1527 4013 ipse
1556 3940 1591 3994 et
1611 3931 1649 3996 in
1669 3933 1784 4020 lingua
1802 3936 1920 4012 lettica

142 4124 143 4127 Ἴ
232 4045 346 4133 semis
372 4047 444 4135 ipse
465 4069 483 4112 e
504 4042 715 4134 pronominis
734 4042 899 4133 reciproci
920 4042 1034 4110 radice
1054 4040 1144 4110 facta
1165 4054 1251 4110 sunt.
1272 4077 1318 4093 -
1360 4042 1477 4132 Atque
1497 4041 1586 4110 haud
1608 4048 1695 4130 scio,
1725 4073 1769 4118 an
1790 4051 1828 4122 in
1847 4056 1917 4124 alia

227 4184 363 4256 quoque
390 4158 502 4228 forma
528 4160 668 4246 antiqua
695 4174 740 4227 et·
755 4161 857 4228 latior
885 4159 1098 4249 pronominis
1125 4159 1290 4249 reciproci
1317 4157 1515 4247 significatio
1536 4163 1697 4250 supersit,
1725 4165 1851 4237 scilicet
1873 4172 1917 4244 in

224 4282 454 4353 additamento
473 4288 548 4361 pte,
571 4275 660 4361 quod
682 4299 701 4343 e
716 4298 779 4365 pse
800 4272 914 4346 crtum
934 4275 1171 4363 videturesse,
1194 4287 1294 4364 atque
1312 4276 1355 4343 ad
1376 4275 1491 4343 omnia
1506 4279 1710 4365 pronomina
1722 4290 1918 4373 personalia
2001 4270 2004 4276 ¹

133 4475 136 4482 ¹
224 4413 258 4466 et
280 4394 468 4489 possessiva
491 4389 633 4457 additur.
680 4389 721 4457 V
717 4405 793 4479 opte
817 4394 906 4460 enim
938 4394 1022 4463 Cato
1048 4392 1136 4460 dixit
1162 4415 1226 4483 pro
1254 4415 1313 4458 eos
1334 4391 1403 4480 ipsi
1421 4403 1456 4458 et
1471 4386 1620 4484 'mihipte
1639 4420 1703 4486 pro
1726 4401 1815 4470 mitt
1833 4406 1913 4496 ipsi.

225 4513 295 4607 (Cf.
312 4513 401 4616 Festi
421 4512 644 4599 Fragmenta,
673 4526 709 4595 p·
727 4504 815 4621 tit.)
866 4509 911 4576 In
932 4520 1028 4598 eopte
1047 4532 1111 4603 pro
1133 4509 1171 4577 in
1190 4531 1229 4577 eo
1250 4508 1323 4599 ipso
1344 4509 1461 4577 Festus
1481 4499 1742 4605 commemorat,
1763 4518 1820 4609 (cf.
1836 4523 1926 4595 Ex-'
