4320 5414
91 559 240 649 aliquis,
269 558 420 648 αῑίφιιιι,ι
436 540 736 647 aliquid-Efficit.
779 551 911 622 Eadem
932 551 1057 622 vocalis
1077 552 1116 622 in
1133 534 1339 646 pronomine
1355 534 1599 645 interrogativo
1616 562 1769 632 neutrius
1916 544 1925 564 ’

90 677 222 763 generis
242 673 329 762 kim,
349 673 457 764 quid?
478 672 571 741 etin
591 668 851 760 pronominibus
871 668 1067 738 derivativis
1081 668 1198 758 kijcn,
1220 667 1342 758 tijati,
1359 668 1467 760 -tijat,
1490 686 1631 763 quattu,
1652 692 1767 767 quota,
1839 704 1842 711 ’

89 805 249 880 quotum,
268 804 301 860 at
320 791 358 858 in
380 789 531 857 kidrteas
550 789 623 855 sive
638 782 863 870 tidritsctas,
884 785 942 852 cui
960 786 1105 873 similis,
1127 799 1288 878 apparet,
1309 799 1344 855 et
1355 784 1392 853 in
1407 791 1610 875 pronomine
1623 793 1768 864 demon-

87 894 228 975 strativo
245 906 338 995 ejas,
357 903 430 993 aja,
453 904 551 1003 ‘1⁰⁸2
564 926 639 992 gen.
656 898 788 992 tjasja,
810 901 955 992 tjasjas,
977 901 1101 993 tjasjn,
1122 901 1189 989 iric,
1211 902 1305 989 luteo,
1325 902 1399 988 noe,
1420 888 1540 991 inquo
1546 929 1569 995 J
1585 932 1648 998 per
1663 896 1771 982 totam
1814 916 1818 933 “

88 1020 348 1089 declinationem
367 1020 555 1109 reperitur3
577 1019 694 1088 eadem
716 998 861 1107 deniqne
880 1018 919 1085 in
934 1017 1018 1107 jus,
1040 1018 1104 1107 ja,
1120 1019 1200 1109 jot,
1222 1019 1424 1110 pronomine
1435 1018 1598 1106 relativo,
1620 1029 1713 1094 cuius
1729 1029 1766 1097 in

88 1133 186 1203 initio
216 1157 364 1204 consona
391 1135 504 1204 littera
522 1135 623 1226 plane
642 1133 779 1202 videtur
798 1134 970 1203 excidisse.
1011 1135 1055 1202 In
1076 1135 1247 1205 usitatiore
1268 1148 1383 1204 antem
1402 1137 1606 1223 pronomine
1624 1141 1768 1213 damon·
1834 1202 1839 1213 .

85 1251 247 1340 strativo,
272 1263 306 1319 et
325 1252 363 1319 in
381 1251 539 1319 omnibns
559 1251 772 1340 pronominis
793 1251 1027 1340 interrogativi
1049 1249 1169 1319 formis
1185 1266 1321 1343 practer
1335 1249 1423 1334 kim,
1443 1253 1538 1319 cuius
1549 1256 1768 1328 morlo-men·

85 1368 215 1433 tionem
241 1365 403 1453 fecimus,
431 1367 446 1434 i
466 1367 568 1457 plana
596 1369 729 1437 excidit.
770 1368 879 1459 Apud
901 1365 1048 1434 Graecos
1067 1367 1152 1435 illud
1174 1396 1188 1436 ι
1207 1370 1245 1437 in
1266 1375 1315 1448 τίς
1336 1379 1370 1434 et
1392 1378 1491 1446 κεῖνος
1511 1384 1682 1440 retentum
1704 1391 1767 1466 est,

84 1483 224 1570 eiusque
244 1483 373 1551 litterae
396 1484 573 1571 vestigium
597 1484 698 1551 etiam
717 1484 755 1551 in
774 1485 791 1551 i
809 1483 1030 1573 prenomine,
1053 1483 1096 1549 de
1118 1507 1185 1571 quo
1206 1486 1233 1567 §.
1247 1486 1279 1552 6.
1296 1485 1359 1551 Nr.
1377 1485 1409 1552 6.
1428 1486 1575 1572 egimus,
1595 1507 1767 1580 superest3
1846 1543 1849 1547 ν
1956 1526 1959 1537 =

88 1600 128 1666 in
152 1600 270 1667 ceteris
295 1600 421 1689 poecis
441 1599 700 1690 pronominibus
721 1600 827 1665 altera
853 1598 994 1682 vocalis,
1023 1619 1109 1685 quac
1124 1599 1356 1666 declinationis
1371 1623 1487 1668 caussa
1500 1605 1768 1678 nominiadhac.

86 1709 206 1799 rescit,
235 1714 292 1796 (cf.
312 1713 349 1796 ὁ,
369 1712 405 1797 ἦ,
425 1715 478 1797 τό,
497 1714 548 1796 ὅς,
568 1712 605 1795 i',
625 1712 660 1793 ὅ,
681 1707 790 1794 οὗτος,
811 1713 904 1795 αὕτη,
920 1711 1036 1797 coita)
1057 1711 1195 1778 obtinet.

191 1828 334 1919 Lingua
360 1828 494 1913 latina,
530 1848 616 1915 quae
643 1828 781 1896 omnino
809 1827 938 1894 radices
965 1841 998 1894 et
1024 1826 1152 1893 formas
1181 1827 1334 1914 antiquas
1358 1828 1551 1915 religiosius
1576 1840 1766 1930 custodivit,

37 2034 41 2039 ἡ
85 1966 189 2035 quam
201 1967 336 2036 gruem,
357 1945 480 2011 multas
493 1943 531 2009 in
542 1941 802 2031 pronominibus
820 1942 897 2029 qui,
920 1965 1023 2031 quate,
1045 1940 1146 2030 quod,
1168 1953 1202 2008 et
1216 1941 1284 2027 hic,
1305 1941 1398 2028 haec,
1420 1942 1493 2027 hoc,
1513 1944 1642 2020 formas
1655 1954 1767 2045 habet,

85 2063 209 2150 quibus
229 2061 372 2130 ilittera
392 2071 678 2150 repraesentatum
704 2058 783 2124 alias
801 2056 924 2142 enam,
951 2057 1125 2144 inquibus
1145 2057 1252 2125 alters
1272 2059 1399 2127 vocalis
1411 2048 1516 2128 incstss
1554 2064 1652 2152 Quas
1665 2094 1769 2152 voca÷

85 2179 175 2246 lium
197 2177 369 2246 diversitas
389 2177 430 2245 ad
451 2178 575 2245 horum
596 2175 783 2243 verborum
802 2172 1060 2241 declinationem
1083 2185 1209 2241 tantam
1231 2174 1333 2241 habet
1351 2174 1441 2262 vim,
1463 2187 1520 2275 nt,
1540 2179 1569 2247 si
1588 2188 1768 2259 nominum
1795 2213 1798 2219 ·
1910 2202 1914 2211 ’

84 2297 273 2365 latinorum
289 2291 488 2378 declinatio,
505 2302 544 2359 ut
558 2291 618 2375 fit,
639 2292 676 2358 in
691 2293 806 2380 plnres
820 2289 956 2357 ordines
971 2290 1183 2380 dispertitur,
1205 2290 1288 2357 haec
1302 2291 1505 2379 pronomina
1518 2298 1621 2366 modo
1635 2305 1767 2374 tertiam
1877 2319 1880 2323 ’

86 2409 277 2477 declinandi
305 2410 471 2477 rationem
499 2420 700 2495 sequantur,
731 2406 834 2472 modo
857 2408 1003 2493 primam
1031 2419 1065 2471 et
1089 2405 1289 2488 secundam,
1316 2406 1353 2471 id
1379 2408 1470 2491 quod
1497 2430 1542 2475 ex
1567 2414 1631 2495 liae
1655 2420 1767 2491 tabula
1880 2446 1884 2451 ·

85 2525 318 2612 cognoscitur:

263 2810 288 2884 l.
314 2830 354 2884 et
377 2804 427 2881 ΙΙ.
450 2803 715 2888 Declinatio.
881 2831 885 2839 ·
1193 2798 1269 2876 ΙΙΙ
1296 2801 1558 2912 Declinatie.

776 2968 1105 3060 Singularis

300 3131 406 3176 rnasc.
526 3105 616 3196 sem·
733 3111 840 3167 neuin
1037 3121 1142 3165 masc·
1346 3101 1438 3190 fem.
1618 3125 1724 3178 neutr.

488 3234 602 3327 (quae)
617 3254 681 3322 qua
751 3232 841 3319 quod
976 3232 1051 3317 quis
1071 3251 1096 3298 s.
1110 3230 1185 3317 qui,
1206 3231 1336 3319 generis
1357 3254 1479 3301 comm·
1630 3241 1710 3326 quid
1808 3284 1816 3309 .
1907 3240 1910 3247 '

489 3348 611 3442 (hacc).
748 3349 818 3415 hoc·
976 3349 1030 3414 hic

979 3465 1091 3545 cuius,
1111 3461 1243 3550 generis
1257 3463 1366 3529 omnis

978 3582 1080 3648 liuius
1183 3612 1227 3628 -

896 3727 899 3731 ·
980 3696 1036 3762 cui

980 3812 1060 3877 huic
1109 3863 1113 3871 .

978 3948 1079 4014 quem

978 4158 1036 4245 qni
