4320 5414
1775 326 1780 335 .
1863 281 1929 434 ω’

232 517 371 631 poerils'
381 539 488 617 etim
500 532 696 629 iuquidem
711 545 746 631 ot
760 530 908 624 pridem·
921 532 1052 615 babet,
1066 532 1104 601 in
1128 528 1415 629 dimittitemini·
1429 529 1622 603 masadam
1641 541 1706 615 eto,
1729 528 1920 625 notionem,

235 683 322 751 qnae
341 681 432 727 nunc
445 656 626 737 offeratur,
645 653 713 721 iam
725 663 824 721 antes
837 673 908 719 esse
920 649 1140 736 enuntiatam,
1160 649 1284 717 innuit.
1314 647 1425 719 -Dam
1437 647 1528 721 onim
1542 662 1577 718 et
1588 649 1665 719 darn
1678 646 1765 721 nihil
1780 643 1919 715 differre
2026 634 2033 643 ’

232 777 398 849 abiner,
430 771 548 863 (Cf-'o
575 775 630 839 22.
653 779 688 836 et
712 770 741 850 t
760 767 829 855 27.)
1178 788 1182 795 ¹
1751 793 1756 802 ·

334 888 445 959 Aliud
466 886 612 974 donique
632 908 843 975 pronomen,
862 883 954 971 quod
977 896 1034 950 sut
1046 883 1298 953 demonstrandi
1310 893 1369 953 aut
1383 892 1474 959 certe.
1490 879 1686 957 affirmandi
1702 880 1802 951 habet
1816 891 1918 969 pote·

231 1019 368 1086 statem,
398 1001 560 1088 cuiusque
581 1000 713 1088 singula
736 999 877 1087 vestigia
893 1002 933 1077 in
954 1022 1056 1083 num,
1085 1019 1188 1080 nom,
1203 1022 1284 1069 uem
1304 1000 1453 1073 atamen
1468 997 1631 1083 cognosci
1649 974 1748 1086 posse
1760 996 1921 1076 arbitror,

212 1117 573 1195 *commemorandum
588 1128 662 1182 est·¹
690 1112 806 1196 Num,
822 1115 878 1207 ‚uti
897 1113 1002 1196 dum,
1023 1127 1116 1199 tam,
1135 1139 1243 1200 crem,
1254 1115 1297 1183 ad
1319 1126 1450 1205 tempus
1469 1111 1635 1195 refertur,
1654 1113 1767 1201 itaque
1780 1110 1920 1199 propris

214 1230 296 1335 ‘'ch
312 1246 370 1302 aut
389 1245 477 1299 certo
498 1243 648 1320 tempore
666 1231 848 1318 significat,
871 1229 974 1317 idque
995 1230 1248 1318 interrogationi
1267 1232 1410 1299 inservit
1431 1244 1464 1299 et
1485 1252 1568 1297 uum
1580 1241 1683 1317 puter
1697 1228 1813 1298 venit?
1835 1248 1920 1315 prot

231 1352 315 1441 prie'
324 1348 457 1416 videtur
472 1370 561 1415 esse:
576 1358 723 1436 peteme
737 1346 829 1412 venit
843 1343 906 1410 doc
919 1349 1095 1433 ternpore?
1126 1347 1228 1432 Quod
1243 1347 1385 1414 verbum
1400 1358 1439 1413 ut
1454 1371 1474 1413 a
1489 1345 1654 1435 particula
1665 1342 1920 1433 interrogativa,

234 1468 328 1533 cuius
342 1477 496 1531 naturam
509 1464 633 1530 sensim
646 1461 745 1551 plane
761 1459 890 1544 induit,
913 1458 1176 1546 discerneretur,
1205 1462 1234 1528 si
1249 1474 1381 1550 tempus
1395 1461 1653 1548 significandum
1667 1475 1756 1548 erat,
1777 1459 1814 1526 in
1829 1478 1921 1524 nuno

233 1595 293 1652 aut
307 1581 410 1648 etiam
422 1581 597 1659 nunccine,
619 1577 670 1644 uti
683 1598 747 1665 pro
763 1589 838 1653 tum
851 1589 932 1655 tunc
947 1587 996 1642 est
1009 1575 1144 1664 dictum.
1165 1575 1237 1661 (Cf.
1253 1580 1289 1673 §.3
1298 1584 1347 1645 12.
1363 1581 1406 1665 1.)
1437 1574 1547 1659 Nam',
1568 1580 1597 1647 si
1608 1600 1685 1644 cum
1696 1589 1781 1661 tom,
1803 1597 1921 1664 quam,
1965 1574 1967 1579 ’

166 1707 168 1711 ’
229 1703 347 1789 pians,
368 1695 451 1759 dom
472 1693 703 1770 contendatur,
724 1689 916 1758 affirmandi
937 1693 1061 1757 babere
1081 1691 1164 1774 vim,
1187 1689 1287 1758 facile
1307 1692 1529 1778 intelligetur3
1552 1716 1616 1782 pro
1630 1716 1712 1760 nom
1729 1691 1829 1759 etiam
1843 1711 1920 1757 nem
2074 1689 2080 1696 “

103 1894 106 1899 ¹
225 1816 269 1883 'in
289 1831 407 1896 nempe
428 1830 498 1874 esse
520 1807 667 1889 dictum,
689 1808 787 1905 §22
807 1806 946 1895 planum
961 1805 1030 1873 fiet.
1074 1805 1182 1871 Enim
1194 1817 1306 1873 autem
1322 1807 1441 1873 eodem
1457 1805 1584 1876 efonte
1597 1821 1708 1877 ortum
1722 1805 1920 1889 essecredo,
1935 1852 1939 1861 ,
1953 1785 1964 1795 ..

233 1928 327 1993 cuius
351 1926 454 1990 altera
475 1944 552 2011 pars
571 1922 644 1987 nim
667 1920 766 1987 huius
786 1920 999 2010 pronominis
1016 1920 1181 1987 locativus
1196 1921 1281 1987 mihi
1301 1945 1371 1988 esse
1394 1920 1548 2003 videtur,
1570 1923 1611 1989 de
1627 1944 1692 2012 quo
1705 1923 1805 2011 plura
1818 1923 1846 2005 §.
1866 1925 1916 1986 17.

232 2043 427 2121 nudentur,
455 2060 473 2102 c
487 2050 600 2104 autem
616 2035 730 2103 littera
750 2034 1098 2124 vocabulipotestatis
1114 2035 1285 2127 augendae
1303 2059 1419 2103 caussa
1433 2034 1544 2103 addita
1558 2037 1694 2106 videtur
1707 2056 1777 2104 esso
1785 2086 1796 2124 ,
1817 2036 1869 2103 uti
1880 2037 1919 2103 in

236 2146 393 2245 equidem
414 2147 471 2243 (cf.
492 2155 520 2236 §.
534 2151 604 2238 27.)
625 2149 752 2218 factum
773 2164 876 2240 puto,
901 2154 994 2217 cuius
1010 2150 1061 2216 rei
1081 2153 1237 2240 exempla
1254 2152 1419 2219 nonnulla
1438 2153 1467 2234 §.
1487 2152 1517 2217 4.
1536 2158 1574 2220 8.
1586 2148 1769 2221 attulimus.
1812 2151 1920 2219 Enim

235 2291 457 2358 nonsemper
476 2289 627 2335 caussam
648 2278 683 2332 et
707 2264 877 2333 rationem
895 2266 1025 2349 reddit,
1057 2267 1234 2356 sedsaepe
1260 2273 1359 2337 etism
1380 2266 1453 2334 vim
1474 2255 1668 2337 affirmandi
1690 2269 1798 2335 babet.
1839 2266 1921 2334 mv:
2034 2314 2037 2319 -

236 2387 375 2495 XXlll,
400 2385 453 2451 46.
481 2384 634 2450 Romam
651 2403 710 2446 vos
728 2391 982 2470 expugnaturos
1003 2379 1188 2450 notabitis.
1231 2382 1357 2455 Enim
1378 2405 1466 2449 nuuc
1487 2385 1600 2452 minor
1622 2366 1671 2452 est
1692 2407 1755 2451 res·
1798 2381 1916 2467 Quare

234 2503 333 2568 ctiam
354 2501 521 2564 enimvero
542 2496 674 2560 dicitur.
906 2506 925 2545 ο

1011 2691 1046 2771 §0
1080 2681 1142 2759 14.

339 2828 396 2882 ua
420 2818 712 2882 onsaconuu
740 2819 796 2877 nr
828 2818 1511 2888 nouanonuu·rnonou1u1nus
1536 2788 1811 2888 numerius.

341 2965 436 3030 Alias
456 2961 586 3048 linguas
607 2963 711 3027 alium
733 2960 859 3026 habere
878 2928 1120 3049 pronominum
1134 2983 1334 3050 numerum,
1353 2966 1382 3063 §.¹
1397 2973 1428 3033 2.
1450 2982 1500 3036 est
1515 2970 1705 3063 expositum
1712 2991 1723 3048 3
1750 2966 1814 3034 alia
1827 2964 1917 3033 cn‘m

171 3100 177 3107 ·
236 3078 325 3176 appd
356 3079 437 3145 alios
468 3078 575 3142 verba
600 3099 674 3143 enm
695 3074 972 3159 declinationem,
1002 3096 1087 3161 quae
1110 3077 1351 3162 pronominum
1378 3084 1518 3171 propria
1536 3097 1600 3168 est,
1628 3097 1823 3169 sequuntur.
1877 3082 1918 3147 In

239 3194 359 3280 quibus
377 3204 456 3258 sunt
481 3191 643 3259 adiectiva
663 3191 844 3276 quaedam,
871 3211 955 3277 quae
977 3201 1156 3278 propterea
1176 3195 1416 3280 pronominum
1433 3200 1592 3266 usturam
1617 3197 1774 3265 videntur
1788 3195 1918 3265 imitata

237 3332 328 3388 esse,
355 3304 446 3394 quod
461 3329 578 3373 eorum
597 3306 797 3394 significatio
819 3318 890 3373 tam
910 3305 1024 3399 ampla
1034 3305 1101 3373 fuit
1114 3318 1147 3374 et
1165 3320 1232 3377 tam
1246 3310 1315 3377 late
1327 3312 1454 3399 patuit,
1476 3325 1515 3380 ut
1528 3314 1648 3381 multas
1664 3325 1780 3397 notas,
1798 3310 1918 3398 quibua

181 3460 184 3464 >
240 3447 294 3490 res
321 3422 560 3508 insigniebatur
582 3435 616 3488 et
634 3421 915 3509 cognoscebatur,
944 3422 1230 3510 complecteretur.
1274 3425 1370 3512 Quae
1392 3428 1527 3516 quidem
1546 3429 1727 3514 vocabula,
1756 3432 1916 3515 quoniam

164 3620 168 3625 Ι
237 3539 438 3630 probarum
454 3551 610 3604 notarum
626 3550 661 3602 et
672 3537 874 3604 indiciorum
889 3535 1287 3626 nomiucususpabantur,
1301 3544 1506 3630 pronomina
1517 3556 1549 3611 et
1560 3543 1673 3627 habita
1686 3556 1766 3612 sunt
1780 3557 1813 3612 et
1826 3569 1917 3613 nun·

127 3668 130 3673 '
225 3659 367 3742 ,cupam
410 3655 525 3740 Itaque
546 3667 662 3720 utrum
684 3653 825 3719 verbum
848 3652 982 3738 aliquod
1002 3656 1038 3721 in
1058 3656 1314 3743 pronominibus
1337 3670 1423 3725 esset
1445 3658 1641 3747 ponendum
1663 3670 1788 3743 necne,
1816 3660 1851 3724 id
1873 3684 1916 3726 ex

239 3756 499 3860 uniuscuiusque
521 3770 670 3836 nominis
698 3768 921 3839 declinatione
938 3781 1070 3841 veteres
1090 3772 1300 3856 grammatici
1320 3773 1598 3843 diiudicaverunt.
1644 3748 1754 3864 Apud⁴
1769 3744 1916 3843 Graecos
2009 3807 2011 3811 ·

239 3885 376 3969 quidem
398 3883 460 3948 ista
481 3882 712 3949 declinationis
736 3883 927 3967 diversitas,
949 3884 1014 3951 nisi
1034 3884 1075 3975 iu¹
1086 3887 1343 3973 pronominibus
1363 3891 1613 3978 personalibus,
1633 3915 1703 3958 non
1717 3914 1837 3979 magna
1856 3902 1917 3979 est,

108 4034 113 4039 ·
239 4013 273 4066 et
292 3997 365 4064 fere
388 3997 460 4062 solo
480 3996 517 4063 in
535 3998 746 4065 nominativo
763 3998 927 4084 singulari
946 4000 1098 4067 neutrius
1118 4004 1251 4087 generis
1273 4006 1430 4074 cernitur.
1475 4007 1589 4094 Quare
1610 4008 1651 4075 ab
1672 4008 1712 4073 iis
1725 4022 1860 4096 praeter
1877 4034 1917 4077 ea

238 4112 457 4203 pronomina,
490 4135 574 4198 quae
604 4137 625 4180 a
649 4114 907 4200 pronominibus
932 4115 1202 4184 demonstrativis
1223 4119 1408 4202 ducuntur,
1438 4144 1544 4214 pauca
1562 4124 1727 4191 vocabula
1746 4124 1916 4191 incorum

238 4251 380 4295 numero
400 4227 575 4294 habentur.
616 4229 690 4316 Ego
709 4241 822 4296 antem
841 4231 877 4296 in
899 4253 1018 4298 eorum
1034 4254 1176 4300 numero
1191 4237 1252 4311 πᾶς
1263 4238 1459 4326 ponendum
1472 4263 1542 4308 esse
1555 4240 1717 4323 arbitror,
1740 4262 1817 4309 cum
1831 4265 1917 4331 pro·

239 4355 314 4434 pter
333 4342 430 4409 buius
452 4343 608 4410 vocabuli
629 4345 924 4433 significationem,
951 4358 1027 4414 tum
1046 4348 1135 4436 quod
1153 4372 1197 4416 ex
1210 4374 1251 4417 eo
1264 4351 1382 4419 eodem
1395 4356 1513 4442 modo,
1536 4375 1604 4441 quo
1621 4356 1770 4422 coeteris
1784 4378 1916 4444 prono·
1959 4392 1964 4403 =

187 4478 193 4485 ·
236 4455 406 4540 minibus,
427 4457 530 4540 parba
553 4458 749 4537 derivantur
765 4466 911 4541 παντοῖος
931 4477 965 4534 et
987 4456 1193 4544 renotanda.
1214 4465 1281 4558 (Cf.
1301 4469 1410 4562 §.16.)
1452 4472 1566 4545 Etiam
1586 4466 1686 4554 πάντη
1707 4491 1784 4539 cum
1805 4484 1916 4539 cetera
