4320 5414
747 469 749 474 ,
1803 439 1805 442 -
1864 365 1945 475 u
1992 392 2000 414 ⁴
2118 434 2125 446 ·

195 522 199 528 ⁵
232 508 1306 680 monumentsnenmgomno,
1325 563 1925 692 insideri-qnempiam

232 725 324 774 ‚cnm
342 700 600 797 pronominibus
623 694 896 767 demonstrativis
915 690 1099 765 monime
1118 696 1317 782 eobeerent3
1340 720 1452 788 neque
1469 723 1491 768 a
1512 695 1687 770 communi
1701 702 1765 772 bac
1777 718 1921 777 consue·-

241 820 361 890 tudine
380 816 503 888 Graeci
523 824 751 897 rcoeesorunt,
773 833 919 899 quorum
940 812 1118 897 adverbio,
1148 835 1234 902 quae
1253 815 1549 885 demonstrativam
1563 799 1764 910 potestitem
1784 822 1921 916 habent,

240 936 274 1004 ei
291 933 423 1023 singule
441 930 644 1016 monueris,
665 927 919 1019 e-pronominis
940 928 1196 998 demonetretivi
1210 929 1324 999 radice
1337 930 1410 999 iere
1422 933 1537 1000 omnia
1550 946 1629 1003 nete
1643 958 1716 1005 esse
1729 952 1852 1026 cogunt
1859 965 1919 1013 eee.
2042 966 2047 975 ·

227 1047 292 1122 ·-'At
311 1047 596 1139 qnemednodum
615 1044 706 1136 opud
729 1044 920 1114 Germanos
942 1046 1079 1133 accidit,
1103 1058 1142 1114 nt
1162 1047 1263 1116 tsine
1280 1047 1340 1130 tir,
1363 1069 1450 1137 quae
1462 1035 1552 1137 apud
1565 1049 1696 1119 Gothos
1710 1059 1922 1142 pronominis

229 1163 496 1236 denominativi
516 1174 567 1231 est
582 1161 700 1251 prima
716 1161 848 1245 littera,
867 1161 906 1228 in
926 1161 1081 1250 pluribus
1099 1163 1247 1231 dialectis
1259 1156 1459 1252 germiniris
1473 1164 1510 1231 in
1523 1161 1550 1229 tl
1561 1163 1708 1236 litteram
1719 1183 1921 1260 mutaretur,

227 1282 443 1369 baudqseio,
460 1302 506 1347 an
523 1279 626 1347 etiam
647 1278 741 1369 opud·
753 1278 903 1344 Graecos
919 1278 1133 1366 pronominis
1154 1279 1408 1349 demonstrativi
1417 1279 1553 1347 initium
1567 1279 1606 1347 in
1617 1278 1736 1350 formis
1750 1293 1921 1359 nonnullie

176 1399 178 1403 ’
239 1403 285 1471 stt
304 1401 342 1468 in
359 1399 447 1466 beno
460 1396 605 1465 litteram
618 1406 837 1462 attenuatum.
881 1394 973 1460 Nam
988 1399 1078 1489 δεῦρο
1093 1408 1126 1462 et
1141 1401 1240 1482 δεῖτε,
1262 1420 1346 1486 qnae
1361 1392 1518 1485 magnam
1535 1396 1784 1467 demonstrandi
1797 1402 1922 1474 babent

238 1514 331 1604 vim,
358 1525 394 1582 et
423 1516 507 1595 δηθά
526 1524 560 1580 et
578 1516 724 1596 δεδεῖεες,
760 1508 849 1597 quod
867 1508 1060 1597 Hesychius
1081 1507 1195 1581 croilis
1213 1516 1343 1601 χρόνον,
1365 1518 1500 1598 συνεχῶς
1522 1523 1559 1578 et
1577 1516 1690 1594 δῆδεε,
1720 1517 1810 1602 qnod
1829 1518 1920 1589 idem
1975 1578 1981 1590 .

226 1629 282 1712 oie
304 1634 342 1715 δεῖ
362 1641 398 1698 et
417 1630 561 1700 taetro
581 1627 841 1718 interpretetur,
870 1635 906 1692 et
929 1629 1022 1709 dito,
1045 1626 1136 1713 qnod
1152 1628 1273 1696 Suidas
1285 1629 1382 1707 nitur
1396 1641 1430 1696 et
1441 1627 1634 1715 Hesychius
1654 1628 1752 1709 cirne
1769 1644 1806 1700 'et
1818 1641 1921 1705 τεῖνεν

228 1748 402 1838 explicet,
425 1767 465 1812 ea
485 1741 602 1811 omnin
623 1739 784 1810 adverbis
804 1739 845 1807 sd
865 1740 1012 1807 radicem
1027 1741 1205 1827 tquendam
1219 1743 1538 1827 demonstrativam,
1559 1766 1580 1808 a
1594 1747 1614 1810 d
1627 1743 1740 1812 littere
1748 1728 1922 1840 'incipien-

166 1903 170 1908 ,
237 1877 330 1948 tem,
351 1858 531 1929 referenda
548 1878 619 1925 esee
638 1857 809 1937 ridentur.
833 1856 984 1924 Eodem
1004 1857 1043 1924 in
1064 1857 1140 1932 loco
1164 1859 1200 1926 δῖ
1221 1859 1386 1948 particula
1409 1869 1458 1924 est
1480 1857 1652 1942 babendo,
1675 1859 1718 1926 de
1732 1883 1800 1948 qna
1818 1887 1921 1954 enpra

235 1980 301 2048 Nr.
323 1983 356 2046 2.
383 1975 489 2045 locuti
506 1996 634 2042 sumna.
674 1974 762 2042 Sunt
783 1973 883 2042 etiem
904 1971 1066 2060 quaedam
1085 1977 1147 2050 δεῖς
1168 1974 1382 2061 pronominis
1403 1973 1554 2060 vestigia.
1597 1971 1689 2044 Nam
1710 1976 1747 2044 in
1766 1979 1923 2069 Etymol.
2015 1980 2016 1983 ’

234 2093 363 2182 Magno
385 2113 418 2182 p.
440 2095 514 2160 6⁸9.
534 2092 557 2160 l.
579 2094 631 2158 16.
652 2087 751 2168 οδδεῖς
772 2113 843 2157 non
864 2087 996 2157 excidi
1017 2098 1052 2155 et
1070 2082 1131 2172 εἷς,
1157 2087 1279 2157 sodex
1301 2074 1340 2157 od
1359 2093 1464 2175 οῖδεῖς
1479 2089 1921 2183 ρποηοωίηεὶοοωροείωω

179 2267 181 2271 ,
224 2195 309 2278 ‘eoae
324 2207 526 2293 affirmatur,
540 2228 649 2294 eoque
662 2207 699 2273 in
714 2207 788 2273 loco
798 2204 979 2290 Zenobiae,
993 2215 1032 2271 ut
1045 2209 1107 2284 δεῖς
1120 2226 1310 2296 pronomen
1322 2204 1360 2271 in
1374 2226 1437 2271 usu
1451 2202 1553 2271 fuisse
1567 2206 1732 2292 ostendat,
1750 2232 1794 2277 ex
1801 2211 1922 2279 Alcaei
2005 2197 2010 2202 ⁴

235 2323 440 2393 carminibus
461 2324 552 2391 buno
573 2323 686 2390 locum
708 2315 827 2392 affert:
850 2319 958 2395 εοῖδὲν
977 2323 1012 2394 is
1026 2317 1111 2403 δενὸς
1123 2325 1260 2412 γένοιτο,
1282 2345 1383 2416 quem
1395 2323 1506 2392 lorum
1522 2302 1723 2416 corruptum
1737 2299 1827 2415 esse,
1846 2327 1924 2417 ple·
2067 2413 2074 2425 ἱ

233 2441 351 2530 rique,
374 2442 435 2528 qni
455 2438 575 2509 Aleum
592 2437 781 2526 fragmento
802 2440 996 2524 ediderunt,
1018 2455 1228 2526 putaverunt
1247 2453 1280 2506 et
1301 2441 1408 2508 κοῖδὲε
1425 2440 1460 2516 ἔξ
1475 2435 1598 2515 cide-ede
1608 2443 1749 2527 γένοιτο,
1773 2442 1922 2510 nihilum
2026 2434 2033 2453 ⁸

233 2555 377 2625 anihilo
389 2555 513 2636 Δεεαεεί,
542 2554 705 2641 scriptum
729 2550 833 2617 fuisse
851 2553 1079 2620 coniecerune
1123 2551 1189 2619 Sed
1210 2575 1314 2639 qnnm
1330 2550 1499 2621 Zenobius
1518 2555 1582 2627 δεῖς
1595 2570 1785 2640 pronomen
1809 2557 1921 2645 aliquo

235 2670 428 2739 estimonio
449 2667 671 2758 comprobare
692 2665 813 2749 vellet,
844 2687 923 2732 enm
944 2666 1060 2733 locum
1084 2677 1282 2756 corruptum
1305 2678 1362 2734 aut
1383 2688 1454 2734 non
1470 2665 1551 2732 ntis
1571 2665 1781 2736 intellectum
1794 2671 1923 2758 citasse,
2019 2704 2021 2709 >

235 2809 308 2855 non
322 2784 482 2854 credibile
496 2796 555 2854 eet.
596 2780 750 2865 Accedit,
771 2782 861 2867 quod
876 2780 966 2869 apud
973 2781 1165 2849 Bekkeium
1179 2784 1217 2850 in
1229 2782 1360 2851 Anecd.
1377 2803 1485 2869 graec.
1503 2804 1541 2872 p.
1557 2786 1650 2850 1862.
1669 2783 1694 2852 l.
1710 2789 1739 2852 1.
1756 2788 1809 2854 dir
1826 2807 1924 2854 eom·

235 2912 463 2987 memoratur,
491 2899 692 2986 additurque
713 2900 895 2983 δυοδυναμεῖ
915 2905 960 2986 rqi
977 2902 1018 2966 ei·
1063 2899 1181 2984 Itaque
1201 2911 1358 2986 apparet,
1380 2899 1476 2964 illum
1499 2899 1614 2965 Alcaei
1632 2899 1744 2967 locum
1766 2913 1857 2968 recte
1884 2925 1921 2971 se
2064 2991 2066 2996 Ι
2121 2902 2132 2925 ’

234 3016 380 3102 habere,
403 3028 438 3086 et
459 3015 662 3083 vertendum
680 3036 768 3082 ecee:
790 3011 945 3102 nihilque
963 3034 1005 3079 ex
1022 3012 1087 3078 illo
1102 3034 1138 3078 re
1158 3014 1301 3079 oriatur.
1343 3015 1438 3080 Num
1461 3036 1545 3082 vero
1566 3027 1657 3082 recte
1673 3017 1920 3100 contenderint,

234 3129 334 3209 οὖδεῖς
354 3156 373 3197 e
394 3136 456 3210 δεῖς
473 3130 677 3220 pronomine
696 3152 771 3196 esse
797 3127 1039 3216 compositum,
1068 3128 1103 3192 id
1123 3141 1263 3218 propter
1285 3125 1411 3214 oiiepio
1433 3129 1600 3197 incertum
1630 3142 1697 3213 ert,
1725 3154 1837 3217 neque
1858 3155 1920 3220 ego

234 3269 328 3314 nunc
346 3246 613 3314 diiudicaverim.
656 3246 735 3311 Hoc
757 3267 864 3311 unum
887 3266 932 3311 ex
951 3243 1004 3310 his
1026 3243 1182 3310 omnibns
1197 3242 1357 3328 efficitur,
1379 3266 1570 3332 pronomen
1588 3244 1755 3329 quoddam
1773 3245 1920 3314 demon·

235 3363 434 3444 strativum,
446 3362 546 3451 quod
568 3385 589 3428 a
610 3360 636 3426 d
655 3361 768 3428 littere
782 3360 962 3448 inciperet,
985 3357 1075 3448 apud
1090 3357 1238 3425 Graecos
1252 3360 1287 3426 in
1302 3384 1364 3426 usu
1381 3359 1492 3427 fuisse.
1535 3360 1592 3426 Ex
1607 3359 1672 3426 hoc
1685 3359 1820 3449 quidem
1834 3386 1920 3453 pro·

235 3479 376 3546 nomine
395 3484 480 3548 δεῖνα
499 3477 645 3546 arbitror
666 3486 777 3543 ortum
798 3496 879 3542 eree.
922 3475 982 3543 Uti
1004 3463 1144 3562 ‘irc'quo
1164 3475 1201 3540 in
1221 3475 1312 3558 loco,
1336 3477 1384 3542 ita
1404 3481 1488 3545 δεῖνα
1508 3474 1571 3541 boc
1590 3476 1628 3564 iu
1644 3475 1717 3542 loco
1739 3461 1917 3566 significat.

234 3595 356 3684 Neque
371 3594 437 3662 boc
458 3593 658 3661 adverbium
673 3591 821 3659 nominis
841 3589 990 3659 induisse
1003 3600 1155 3657 naturam
1173 3602 1206 3657 et
1226 3613 1363 3658 casuum
1374 3590 1504 3660 formae
1517 3590 1679 3679 quasdem
1692 3572 1918 3685 assumpsisse,

236 3709 365 3775 mirum
380 3721 437 3776 ert.
482 3711 579 3777 Num
590 3708 656 3776 alia
672 3727 807 3793 quoque
823 3706 1000 3788 adverbia,
1022 3706 1279 3794 pronominibus
1296 3705 1418 3793 affixa,
1440 3711 1547 3775 instar
1561 3707 1739 3775 nominum
1753 3709 1917 3777 declinata

171 3896 177 3904 ζ
231 3834 321 3891 sunt.
365 3824 479 3891 Huius
490 3824 628 3912 generis
651 3836 699 3890 est
721 3821 792 3902 ὅδε,
811 3822 905 3889 cuiun
926 3820 1058 3889 danvua
1073 3821 1234 3910 plurativi
1252 3827 1382 3901 τοῖςδεσε
1402 3835 1436 3892 et
1448 3828 1618 3903 εεῖςδεσσεε
1631 3823 1806 3910 aliquoties
1825 3801 1916 3915 apud

230 3938 425 4006 Homerum
438 3941 616 4030 reperitur.
638 3936 707 4027 (Ol.
722 3940 751 4022 δ.
764 3941 831 4021 6.8,
847 3939 893 4021 ε.)
919 3938 1033 4022 Atque
1046 3936 1227 4005 declinatio
1241 3938 1511 4018 commodissima
1522 3941 1702 4009 videbatur
1715 3937 1734 4007 d
1745 3944 1839 4024 δεῖνα,
1859 3945 1917 4010 τοῦ

233 4060 349 4139 δεῖνος,
369 4055 425 4121 alii
439 4055 538 4148 etiam
551 4059 608 4123 roi
623 4059 758 4132 δεῖνατος
775 4051 937 4155 fecerunt,
964 4074 1050 4139 quae
1064 4050 1192 4137 forma,
1213 4074 1407 4140 quanquam
1421 4055 1511 4148 apud
1526 4056 1697 4123 neminem
1711 4055 1914 4146 scriptorum

232 4184 395 4260 usurpata
416 4169 598 4261 reperitur,
626 4182 741 4236 tamen
757 4166 983 4256 Etymologioi
998 4166 1145 4235 Gudiani
1161 4166 1379 4237 confirmatur
1396 4171 1619 4252 auctoritate,
1634 4172 1751 4259 inquo
1767 4170 1848 4242 haec
1861 4173 1914 4239 le·

237 4299 362 4371 guntur
382 4310 416 4375 p.
431 4286 583 4368 418‚86.=
605 4287 647 4352 Ei
657 4280 718 4371 γὰρ
731 4282 767 4366 ἢν
785 4282 815 4368 (ὁ
829 4286 925 4364 δεῖνα)
939 4289 997 4369 μία
1007 4288 1098 4365 λε’ξες,
1119 4282 1174 4350 cix
1185 4281 1291 4368 ὤφειλε
1301 4282 1752 4381 eordnrooavtrottdeseoese
1766 4284 1911 4372 ἧεῗρχου-

237 4423 289 4480 σα,
309 4395 375 4466 οἷον
391 4398 409 4466 ὅ
428 4405 554 4485 δεῖνα,
573 4408 641 4470 τοῦ
663 4406 861 4482 δεῖναεος,
882 4409 936 4490 uqi
956 4405 1119 4468 δεῖναει.
1147 4398 1260 4489 Etiam
1275 4402 1337 4468 δεῖν
1352 4403 1599 4473 nominativum
1615 4402 1749 4480 Graeci,
1772 4403 1911 4489 originis

194 4596 197 4599 Δ
233 4514 332 4581 verbi
353 4514 459 4602 ignari
478 4528 511 4583 et
529 4517 624 4583 inscii
630 4564 641 4602 ‚
663 4516 844 4584 finxerunt.
873 4512 925 4585 cl.
938 4515 1025 4583 ibid.
1044 4516 1131 4583 ltt.
1153 4518 1270 4602 λέγεται
1294 4516 1346 4586 καῖ
1369 4516 1485 4602 dieis,
1502 4525 1558 4586 τοῦ
1571 4522 1686 4598 δεῖνος,
1706 4511 1760 4585 niv
1768 4521 1868 4601 δεῖνα.

1315 4645 1318 4651 .
1487 4685 1489 4689 y
1523 4633 1552 4700 F
1809 4620 1834 4639 Ν
