4320 5414
158 572 277 649 eerpte
296 556 392 625 Pauli
409 554 505 624 Diuo.
526 576 560 645 p.
552 554 647 638 ..81)
667 551 825 641 idemque
844 561 992 639 meopte,
1019 562 1154 642 tuopte,
1183 564 1302 644 suopte
1321 576 1385 645 per
1405 576 1479 623 meo
1501 556 1630 679 ipsius,
1654 571 1712 626 ιιιο
1730 560 1850 651 ipsius,

90 693 93 696 ’
159 696 220 743 suo
243 673 349 763 ipaim
370 673 529 763 explicat.
656 728 659 735 .

261 822 297 903 4)
317 816 534 887 Pronominis
560 813 725 906 reciproci
748 813 888 905 propria
917 824 969 882 est
1000 837 1040 884 ea
1059 825 1227 907 potestus,
1260 828 1298 885 ut
1318 839 1398 903 oum
1416 817 1563 890 subiecto
1585 823 1743 912 proximo
1765 850 1850 896 cou-

154 939 325 1026 iungatur.
370 933 546 1003 Interdum
565 943 679 1001 tamen
701 929 757 1019 fit,
785 943 916 1001 utnon
937 931 981 1000 ad
1001 953 1127 1000 nomen
1144 933 1365 1025 proximum,
1388 932 1447 1000 sed
1467 935 1510 1001 ad
1530 937 1621 1003 uliud
1643 963 1768 1008 nornen
1789 968 1848 1011 re·
1891 987 1894 991 .

157 1051 313 1136 feratur,
334 1048 427 1140 quod
449 1052 486 1118 in
507 1049 779 1119 antecedentibus
800 1060 849 1116 est
871 1063 1182 1118 commemoratum.
1226 1049 1267 1116 Id
1288 1061 1361 1117 tum
1383 1049 1596 1140 potissimum
1618 1054 1695 1121 fieri
1715 1060 1847 1147 assolet,

98 1213 102 1218 -
156 1189 263 1258 quum
284 1167 322 1235 in
345 1190 384 1235 ea
405 1169 559 1254 notione,
588 1167 631 1234 ad
652 1188 755 1254 quam
774 1188 968 1257 pronomen
988 1166 1201 1258 reciprocum
1223 1165 1440 1234 referendum
1463 1178 1532 1253 est,
1561 1179 1652 1237 tanta
1673 1172 1761 1240 inest
1783 1181 1846 1264 vis,

154 1296 213 1370 ut,
241 1306 432 1374 quanquam
455 1307 526 1351 non
547 1282 811 1367 constructione,
843 1295 958 1352 tamen
977 1284 1180 1373 cogitatione
1199 1283 1243 1349 sit
1264 1283 1452 1351 subiectum
1472 1285 1670 1373 proximum
1694 1300 1728 1355 et
1749 1295 1845 1377 quasi

152 1400 363 1492 primarium.
418 1399 531 1467 Huius
564 1401 694 1487 generis
727 1400 835 1468 multa
864 1398 961 1489 apud
980 1402 1103 1469 latinos
1130 1401 1310 1490 scriptores
1339 1401 1555 1489 reperiuntur
1577 1405 1744 1493 exempla.
1789 1409 1844 1477 Cf.

151 1518 274 1586 Horat.
297 1516 396 1585 Satir.
419 1517 467 1600 II,
492 1521 521 1596 1,
541 1519 593 1583 49.

162 1634 176 1641 '⁵
451 1648 591 1716 Grande
612 1647 741 1713 malum
763 1644 909 1730 Turius,
931 1646 960 1711 si
981 1647 1055 1733 quis
1076 1669 1112 1733 se
1131 1646 1243 1712 iudice
1265 1658 1380 1713 certet.

62 1859 65 1862 ,
153 1780 341 1850 Columella
362 1785 413 1864 12,
434 1779 485 1846 44.
507 1778 549 1845 ad
570 1777 631 1846 fin.
650 1799 754 1865 poma
775 1777 822 1844 ita
842 1778 1039 1866 disponere,
1061 1792 1100 1845 ut
1119 1777 1215 1844 scobs
1237 1778 1326 1845 inter
1344 1800 1379 1842 se
1399 1778 1523 1845 calcari
1544 1781 1660 1867 possit.
1705 1787 1774 1863 Cio,
1797 1791 1841 1860 de
1864 1780 1868 1787 ’

152 1893 257 1967 offic.
277 1897 349 1981 111,
380 1895 430 1961 14.
460 1894 602 1985 Pythius
631 1893 811 1983 piscatores
839 1891 882 1958 ad
910 1916 946 1958 se
975 1895 1195 1977 convocavit,
1229 1905 1261 1959 et
1289 1893 1331 1960 ab
1357 1893 1409 1959 his
1439 1894 1553 1982 petiit,
1592 1910 1632 1966 ut
1655 1914 1735 1969 onte
1762 1930 1841 1976 suos

151 2013 297 2108 (Pythii)
321 2010 473 2078 hortulos
493 2009 657 2100 postridie
678 2009 895 2098 piscarentur.
940 2009 1063 2096 (Korte
1084 2008 1127 2075 ad
1150 2008 1219 2075 Cio.
1236 2008 1346 2098 Epist.
1361 2009 1404 2076 ed
1417 2009 1512 2075 Fam.
1534 2010 1599 2094 Xl,
1617 2018 1667 2082 11.
1690 2029 1722 2084 et
1740 2019 1847 2088 liud.-

151 2130 234 2198 dim.
255 2129 363 2198 Instit.
385 2137 560 2215 grammat.
581 2127 727 2215 exempl.
742 2126 836 2217 Lips.
851 2139 933 2195 torn.
945 2126 991 2193 11.
1010 2146 1046 2215 p.
1060 2122 1129 2210 62.)
1172 2123 1266 2204 Idem
1281 2124 1370 2193 haud
1385 2148 1463 2194 raro
1477 2128 1646 2218 reperitur
1658 2153 1737 2225 usus
1749 2141 1839 2227 apud

154 2244 311 2347 (irascor.
338 2243 409 2345 bct.
427 2242 538 2349 Hom.
551 2244 590 2341 Il.
608 2242 637 2325 1,
657 2245 732 2310 286.

200 2344 204 2351 ⁵
448 2366 503 2428 uui
520 2386 567 2445 μα
587 2359 852 2446 tetrasemos,
870 2355 906 2426 τό
926 2361 984 2445 μὲν
1005 2356 1116 2427 οΙιιοιι
1137 2360 1234 2442 φύλλα
1255 2361 1307 2426 καὶ
1321 2357 1417 2438 ὄζοις·

448 2480 555 2560 φύσει,
575 2470 677 2552 insidii
698 2481 808 2560 πρῶτοι
828 2468 925 2555 τομὴν
945 2473 979 2538 ἓν
995 2469 1101 2555 ὄρεσσι
1122 2475 1274 2551 λέλοιπεν,

447 2586 519 2656 oid’
540 2584 747 2669 ἀναθηλήσει·
776 2591 849 2673 περὶ
868 2579 930 2672 γιῖρ
952 2582 994 2673 ῥά
1014 2582 1031 2650 e‘
1049 2579 1164 2670 χαλκὸς
1185 2583 1275 2670 ἔλεψε
1383 2613 1388 2619 ·

449 2706 546 2792 φύλλα
565 2727 599 2771 τε
622 2707 674 2771 καὶ
695 2703 810 2788 φλοιόν,

56 2829 60 2835 ’
154 2852 221 2920 quo
242 2827 279 2894 in
304 2802 379 2893 loco
401 2823 419 2891 i
439 2824 481 2891 ad
504 2802 729 2890 antecedentis
749 2816 935 2886 sententiae
957 2839 1084 2884 nomen
1106 2826 1156 2882 est
1175 2813 1402 2885 referendum.
1437 2814 1516 2887 Alia
1541 2819 1661 2889 confer
1680 2833 1838 2922 exempla

152 2949 192 3016 in
212 2945 322 3014 Henr.
344 2939 507 3032 Stephani
527 2936 702 3025 Thesauro
723 2935 806 3024 ling.
825 2956 876 3022 gr.
898 2947 982 3000 tom.
1002 2933 1031 3016 Ι,
1055 2936 1197 3023 ρ..1067
1240 2933 1292 2999 lta
1311 2932 1528 3024 factumest,
1555 2949 1594 3004 ut
1615 2940 1704 3028 apud
1727 2942 1839 3017 Grae-
1907 2965 1910 2969 ’

35 3052 52 3077 ⁸
153 3087 212 3132 eos
233 3079 424 3151 pronomen
452 3056 664 3146 reciprocum
691 3063 849 3123 naturam
878 3050 1092 3139 pronominis
1121 3042 1241 3116 tertiae
1267 3072 1450 3153 personne,
1479 3053 1572 3141 quod
1591 3055 1682 3145 apud
1704 3082 1761 3128 eos
1782 3064 1837 3132 in-'

48 3235 49 3239 ,
154 3179 324 3281 tereidisss
342 3166 662 3254 videbamus§.5.‚
686 3167 859 3252 indueret,
887 3166 982 3252 isque
1005 3187 1084 3232 usus
1103 3162 1188 3231 adeo
1207 3165 1373 3245 invaluit,
1397 3178 1438 3234 ut
1458 3166 1582 3236 Graeci
1602 3168 1705 3236 etiam
1724 3180 1841 3246 nomi-
1879 3256 1883 3260 ᾖ

154 3299 309 3369 nativum
338 3291 478 3384 pluralis
498 3285 633 3356 numeri
658 3282 869 3371 formarent,
898 3303 1091 3370 quanquam
1108 3279 1144 3348 in
1167 3281 1263 3348 nulla
1281 3281 1474 3371 linguarum
1493 3299 1712 3374 cognatarum
1725 3293 1840 3360 nomi·
1940 3288 1944 3298 ’

154 3415 289 3487 nativus
313 3409 414 3478 huius
442 3402 657 3498 pronominis
682 3398 861 3517 reperitur.
903 3399 1026 3468 Graeci
1054 3421 1137 3464 vero
1167 3397 1234 3466 iam
1263 3398 1300 3464 in
1323 3420 1363 3464 ea
1382 3423 1421 3467 re
1440 3402 1482 3467 ab
1505 3401 1604 3470 huius
1626 3409 1841 3494 pronominis

23 3527 39 3559 ³
112 3498 238 3604 'vere
257 3541 377 3597 natura
398 3524 587 3616 paullulum
607 3506 831 3626 recesserant,
861 3517 950 3606 quod
969 3515 1155 3606 peculiares
1177 3514 1352 3600 singularis
1375 3528 1407 3582 et
1430 3517 1569 3606 pluralis
1590 3524 1725 3589 numeri
1745 3547 1840 3593 casus
1908 3524 1911 3529 ⁴

154 3650 394 3745 formaverunt.
436 3638 504 3729 (ef.
520 3661 620 3729 supra
637 3619 684 3725 2.)
727 3636 833 3723 idque
850 3658 907 3700 eos
928 3634 1028 3699 etiam
1052 3655 1092 3700 eo
1124 3629 1303 3697 adduxisse
1322 3631 1474 3716 videtur,
1504 3645 1542 3700 ut
1563 3634 1659 3721 illurn
1679 3642 1840 3728 plurativi

154 3761 406 3842 nominativum
425 3758 594 3838 facerent,
616 3755 709 3821 ouius
724 3752 876 3842 primum
895 3750 1090 3839 exemplum
1105 3746 1230 3834 legitur
1246 3745 1335 3836 apud
1350 3747 1568 3816 Herodotum
1587 3749 1667 3838 VII,
1692 3760 1763 3824 168.
1798 3760 1841 3827 οἱ

53 3919 58 3925 ·
163 3883 339 3981 stupuerim
367 3878 424 3960 μὲν
449 3872 616 3957 Ιπισχοιιο
637 3874 779 3959 ’πέμψειν
807 3894 840 3938 τι
864 3874 916 3937 sui
942 3866 1101 3952 αμινὲειι,
1131 3859 1366 3950 φράζοντες,
1337 3888 1384 3940 ως
1409 3862 1448 3931 οΙ
1468 3891 1526 3952 σφι
1548 3873 1713 3952 περιοπτέη
1733 3872 1841 3954 ἓστῖῆ
1888 3924 1891 3937 .
1988 3903 1996 3911 ·

142 3993 274 4076 ‘ente
298 3992 500 4075 αιιολλιμὲι·η.
523 3991 559 4071 Ιν
579 4013 640 4078 γαρ
663 3995 778 4079 aens,
804 3998 892 4074 opere
912 4012 948 4074 γε
968 3982 1058 4052 otto
1079 3978 1186 4045 ἄλλο
1173 4005 1190 4058 η
1188 3964 1407 4049 δουλεύσουσι
1426 3989 1465 4074 τῇ
1484 3984 1591 4075 πρώτῃ
1612 3992 1672 4055 τῶν
1692 3985 1838 4076 ἤμερέῳγ,

157 4111 416 4208 Nominativum
439 4099 646 4196 singularis
642 4119 675 4173 et
698 4103 802 4172 dualis
822 4102 955 4187 numeri
978 4089 1049 4168 non
1070 4095 1317 4165 formaverunt.
