4320 5414
226 357 277 437 lb

225 551 371 625 relativa
392 543 531 634 quidem
553 542 627 610 eius
655 541 753 608 verbi
776 540 829 606 vis
851 539 928 607 satis
946 551 1028 605 nota
1047 552 1113 625 est,
1130 534 1537 633 demonstrativa,autem
1556 525 1734 626 perspicua
1751 564 1797 609 ex
1816 511 1923 611 Hom.

227 675 269 742 ll.
293 697 322 740 a.
344 670 440 736 122:
521 743 524 747 Ι
640 659 708 727 ’ἶνα
728 659 803 746 γάρ
822 681 894 744 σφιν
921 657 1092 744 ἐπέφραδεν
1119 653 1314 744 ἤγτρέεσθαι.
1775 728 1779 736 ,

230 787 301 879 (οἱ
323 788 354 869 §.
376 781 446 867 25.)
468 757 585 856 ‘Idem
604 798 794 865 pronomen
813 777 852 843 iu
872 773 954 844 ἔνθα
977 786 1011 844 et
1024 773 1118 843 ἔνθεν
1134 773 1243 849 inesse
1258 772 1416 861 videtur,
1440 787 1586 862 quorum
1600 775 1928 872 verborumpriores

228 902 388 993 syllabae
408 919 480 964 non
493 905 573 961 sunt
586 892 760 960 habendae
772 914 836 980 pro
853 891 1174 984 praepositionibus,
1196 902 1235 956 nt
1248 891 1348 957 multi
1359 890 1613 974 'feceruntssed
1626 904 1706 961 aunt
1719 894 1932 982 pronominis

230 1012 377 1105 alieuius
400 1010 556 1094 locativi,
585 1008 627 1075 de
655 1008 775 1095 quibus
803 1008 904 1098 plura
925 1008 1005 1076 vide
1032 1012 1062 1092 §.
1079 1012 1130 1074 17.
1174 1006 1360 1101 Quomodo
1389 1006 1481 1074 enim
1500 1007 1658 1076 accidisse
1678 1009 1861 1096 fingamus,
1893 1023 1934 1078 ut

231 1129 441 1225 praepositio
467 1125 757 1216 compositarum
787 1127 916 1214 syllaba
944 1126 1073 1214 aliqua,
1110 1124 1305 1211 quactum
1328 1123 1399 1191 fere
1419 1122 1676 1213 praepositionis
1703 1125 1844 1191 alicuius
1863 1126 1936 1191 vim

174 1299 182 1306 -
229 1250 337 1317 ‚habet
346 1298 356 1332 ,
381 1242 641 1312 demonstrativi
661 1255 695 1309 et
708 1242 841 1309 relativi
863 1242 1003 1332 accipiat
1018 1239 1442 1329 significationem,'quam
1464 1240 1558 1328 ἔνθεν
1573 1251 1608 1305 et
1621 1238 1703 1307 ἔνθα
1714 1239 1839 1307 habere
1853 1262 1940 1306 oon·

238 1379 318 1433 stat.
340 1360 407 1453 (Cf.
430 1363 454 1444 §.
470 1360 539 1448 25.)
583 1359 699 1443 anue
718 1358 930 1447 pronominis
950 1370 1068 1424 natura
1085 1368 1227 1446 apparet
1239 1357 1375 1425 etiame
1391 1357 1599 1444 longioribus
1613 1357 1737 1428 horum
1752 1358 1937 1425 verborum

175 1490 180 1502 “
232 1477 364 1569 -formis
385 1478 530 1545 ἐντεῦθεν
551 1487 586 1541 et
599 1474 747 1545 ἐνταῦθα.
769 1476 837 1559 (Cf.
850 1479 879 1559 §.
894 1479 940 1560 8.)
984 1476 1077 1543 Nam
1096 1472 1190 1569 quod
1211 1472 1304 1542 ἔνθεν
1321 1485 1354 1540 et
1375 1472 1457 1543 ἔνθα
1472 1495 1549 1541 eum
1563 1471 1684 1559 spiritu
1697 1472 1768 1538 leni
1779 1494 1938 1561 pronun·
2006 1534 2014 1547 ,

242 1595 390 1674 tiantur‚
404 1591 448 1689 yid
468 1591 554 1657 nihil
576 1590 738 1680 impedit,
766 1615 833 1678 quo
856 1591 969 1657 minus
993 1614 1032 1658 ea
1051 1614 1095 1657 ex
1114 1593 1130 1656 ’ἶ
1146 1589 1258 1657 radice
1274 1604 1348 1656 orta
1362 1601 1563 1700 statuamus3
1583 1587 1720 1676 spiritus
1734 1588 1824 1655 enim
1838 1612 1938 1677 asper

241 1721 391 1800 propter
409 1721 606 1791 sequentem
629 1707 776 1803 litteram
798 1719 986 1796 asperatam
1006 1707 1044 1772 in
1065 1708 1177 1773 lenem
1196 1717 1246 1773 est
1264 1717 1432 1789 mutatus,
1467 1706 1563 1772 utin
1585 1705 1684 1790 ὄφρα,
1715 1703 1776 1788 ἔχω
1799 1705 1938 1792 aliisque

231 1803 372 1896 ,iactum
395 1847 464 1888 esse
486 1822 621 1887 seimus.
664 1821 745 1886 Huc
765 1823 864 1903 etiam
885 1822 1103 1889 referendum
1125 1820 1211 1889 illud
1229 1821 1477 1889 Rhodiensium
1498 1822 1634 1906 ἵγνητεςς
1656 1818 1823 1906 signifieat
1846 1822 1938 1886 enim

163 1979 168 1987 ·
243 1939 436 2024 αὕθιγενεῖς,
456 1938 478 2002 i.
502 1961 531 2002 e.
554 1935 616 1999 boc
638 1935 676 1999 in
698 1935 771 2000 loco
793 1948 910 2020 natoa;
940 1937 1030 2025 quod
1045 1936 1187 2034 verbum
1201 1939 1230 2003 si
1246 1951 1336 2021 recte
1357 1961 1403 2004 ex
1423 1939 1488 2004 hoo
1507 1938 1712 2024 pronomine
1730 1947 1845 2002 natum
1867 1960 1939 2001 esse

244 2054 501 2137 contendimus,
529 2053 678 2135 ἰθαγενής
700 2073 835 2139 quoque
853 2057 869 2120 ‘l
890 2054 1101 2143 pronominis
1122 2054 1262 2140 vestigia
1283 2053 1430 2120 retinere
1450 2051 1606 2121 arbitror.
1648 2051 1740 2118 Nam
1755 2059 1821 2133 θα,
1842 2052 1940 2118 sicuti

242 2172 286 2240 ad
304 2171 488 2239 locativum
508 2168 544 2233 in
564 2163 646 2234 ἕν’θα
666 2166 744 2231 addi
758 2164 889 2255 potuitj
909 2170 957 2237 ita
972 2171 1071 2264 etiam
1089 2169 1254 2258 adipeam
1273 2169 1468 2253 radicem‘i,
1487 2168 1582 2234 cuius
1593 2168 1731 2258 spiritus
1745 2190 1844 2256 asper
1859 2168 1941 2235 item

235 2289 281 2354 .in
299 2287 413 2351 lenem
432 2282 575 2349 transire
591 2283 723 2363 debuit3
748 2285 936 2371 explicatur
949 2299 1061 2363 autem
1075 2286 1140 2352 hoe
1151 2286 1297 2361 verbum
1310 2285 1352 2353 ab
1366 2278 1538 2373 Hesychio
1550 2305 1612 2373 per
1625 2280 1813 2368 αὖτόχθων,
1830 2283 1943 2350 idem·
2002 2292 2004 2298 '

245 2425 310 2490 que
331 2415 398 2483 est,
424 2397 516 2484 quod
528 2383 616 2484 ῗγντς
629 2396 691 2462 boe
706 2397 743 2462 in
758 2398 830 2463 loeo
844 2413 958 2468 natus.
1001 2403 1219 2490 Quapropter
1233 2424 1305 2469 non
1320 2413 1370 2469 est
1387 2399 1628 2495 dubitandum,
1651 2399 1733 2486 quin
1747 2400 1789 2465 ab
1801 2402 1832 2481 t,
1853 2420 1948 2487 pro-.

245 2517 386 2583 nomine
400 2512 686 2597 demonstrativo,
716 2536 786 2579 non
804 2515 845 2581 ab
866 2517 895 2599 ἴ,
922 2517 1019 2583 tertia
1034 2541 1196 2608 persona,
1224 2517 1269 2584 sit
1283 2515 1519 2583 derivandum.
1548 2514 1754 2607 ,Euanthius
1778 2514 1821 2579 ad
1833 2515 1942 2580 Hom.

248 2629 371 2719 Odyss.
387 2629 485 2712 XIV,
507 2633 583 2694 208.
602 2650 680 2695 oum
700 2629 765 2694 hoc
787 2631 894 2697 verbo
913 2629 1099 2719 Ἰθαμὲνης,
1118 2657 1244 2726 nomen
1266 2632 1465 2721 proprium,
1487 2643 1662 2721 comparat
1669 2681 1679 2714 ,
1711 2629 1801 2717 quod
1822 2629 1942 2696 eodem

248 2747 353 2814 modo
377 2745 502 2810 laetum
523 2755 591 2824 est3
618 2741 783 2829 significat
804 2745 913 2831 enim,
941 2749 1001 2835 qui
1015 2748 1078 2813 lroc
1100 2752 1138 2816 in
1160 2750 1234 2823 loeo
1250 2759 1366 2814 manee
1387 2759 1488 2833 atqua
1502 2757 1704 2833 permanet,
1726 2746 1840 2812 virum
1861 2769 1945 2810 con-

247 2873 407 2941 stantem.
453 2860 532 2947 Quo
554 2857 659 2944 magis
683 2866 734 2923 est
756 2861 973 2948 perspicuum
995 2865 1151 2933 subtilius
1169 2886 1270 2950 quam
1291 2862 1425 2944 verius,
1454 2862 1497 2928 de
1519 2864 1666 2947 ἶθιτγετῆς
1688 2861 1785 2931 verbi
1810 2861 1944 2949 origine

248 2978 469 3064 disputavisse
484 2973 695 3040 Eustathium
708 2973 729 3036 l.
741 2973 783 3057 l.,
806 2939 865 3058 q'ui
878 2976 959 3042 haec
974 2980 1090 3044 habet:
1113 2979 1132 3048 ὁ
1151 2982 1186 3049 ἐκ
1201 2987 1254 3059 τῆς
1266 2976 1333 3043 κατ’
1344 2979 1418 3059 tes,
1438 2980 1577 3043 τουτέστι
1588 2974 1657 3042 κατ’
1668 2975 1821 3056 adsidente
1835 2954 1945 3061 τόμον,

250 3096 413 3179 periurare,
445 3095 497 3155 καὶ
522 3085 566 3172 μὴ
587 3093 723 3174 πλαγίως
744 3113 809 3164 πως
831 3097 877 3178 τῷ
893 3093 974 3176 γένει
992 3087 1236 3183 ἕπετ’ςυᾳόμττυς.
1277 3096 1396 3176 λέγεται
1414 3093 1449 3159 δέ
1471 3115 1545 3158 ποτε
1567 3089 1587 3168 'l
1606 3093 1687 3167 λέξις
1706 3098 1760 3156 καὶ
1778 3091 1831 3156 ἐπὶ
1849 3095 1976 3156 nole-⁸

251 3215 311 3277 τῶν
340 3204 551 3290 αὖτοχθόνωτ.

359 3356 395 3432 6)
416 3348 677 3416 Pronominibus
697 3349 815 3416 tertiae
835 3372 999 3439 personae
1016 3355 1107 3442 apud
1129 3357 1278 3422 Graecos
1294 3360 1350 3439 μίν
1369 3364 1404 3419 et
1423 3359 1472 3422 τίν
1495 3351 1674 3421 accusativi
1687 3363 1767 3420 sunt
1780 3353 1949 3421 adnume-

198 3492 206 3507 ’
255 3466 365 3538 randi.
407 3465 464 3532 Ac
485 3463 655 3552 quomodo
677 3469 732 3549 μίν
750 3478 880 3533 vetares
904 3471 1115 3553 grammatici
1129 3494 1173 3538 ex
1188 3473 1219 3539 ἵν
1234 3482 1267 3537 et
1281 3497 1306 3556 μ
1322 3456 1437 3536 littera
1446 3471 1637 3558 praeposita
1656 3481 1773 3537 natum
1789 3481 1949 3536 esseeta-

163 3630 165 3635 ,
239 3587 398 3666 tuerint,
428 3579 464 3645 id
483 3601 587 3669 supra
607 3581 672 3645 Nr.
687 3585 717 3646 8.
737 3591 787 3644 est
808 3575 1064 3661 amedietum(
1096 3586 1185 3653 Illud
1201 3587 1292 3655 enim
1304 3585 1601 3673 grammaticorum
1614 3598 1845 3651 commentum
1861 3606 1947 3670 esse,
1993 3600 2001 3616 ·

254 3713 345 3789 patet
353 3723 364 3780 3
390 3695 637 3780 sed-quaenam
666 3696 709 3761 sit
729 3694 829 3761 huius
857 3700 951 3764 vocis
974 3705 1085 3788 origo,
1117 3700 1287 3787 quomodo
1311 3713 1345 3767 et
1365 3702 1568 3787 singularem
1589 3713 1623 3767 et
1646 3684 1812 3791 pluralem
1832 3677 1946 3766 omnis
1995 3766 1999 3775 ,

240 3873 244 3879 .
255 3792 388 3913 generis
411 3832 595 3877 numerum
616 3809 765 3876 indicare
785 3814 951 3900 potuerit,
982 3828 1014 3882 et
1035 3840 1101 3906 qua
1119 3818 1252 3914 ratione
1271 3821 1351 3901 μίν,
1375 3817 1465 3902 quod
1478 3817 1589 3883 Dores
1610 3829 1645 3883 et
1660 3816 1760 3882 lones
1773 3802 1948 3898 dicebant,

255 3931 294 3995 in
315 3935 362 3995 νίν
382 3926 568 4009 transierit,
592 3925 663 3991 eius
683 3926 733 3993 rei
747 3950 802 3993 me
816 3928 941 3995 nullam
956 3931 1081 4000 afferre
1095 3956 1193 4023 posse
1207 3934 1389 4016 rationem,
1414 3931 1533 3999 fateor.
1577 3931 1655 3998 Hoc
1670 3952 1777 3997 unum
1792 3951 1948 3996 comme-

176 4096 191 4115 ..
244 4065 393 4111 -morare
411 4043 524 4127 lubet,
550 4054 691 4129 propter
711 4049 765 4128 ptr
783 4043 962 4131 particulae
985 4070 1085 4116 usum
1105 4049 1216 4115 videri
1234 4047 1363 4116 laetum
1379 4071 1468 4133 esee,
1487 4059 1525 4113 ut
1539 4048 1577 4114 in
1587 4047 1704 4115 dativo
1717 4047 1849 4134 primae
1864 4067 1950 4139 pere

261 4179 364 4226 sonae
376 4155 502 4246 Dares,
525 4169 687 4247 qnantum
706 4158 865 4246 equidem
880 4161 1006 4254 sciam,
1035 4184 1209 4255 nunquam
1223 4165 1372 4233 dicerent
1386 4172 1460 4251 ptr,
1471 4163 1538 4276 'sed
1551 4184 1684 4252 semper
1695 4164 1773 4245 ἐμίν.
