4320 5414
219 442 278 523 94

224 635 426 735 pronomina
442 643 553 701 autem
570 627 755 719 personalia
768 626 895 694 habent
908 630 979 704 νῶΐ,
999 618 1060 710 uqi,
1078 628 1176 709 σφωΐ,
1194 615 1270 708 spei·
1313 622 1431 705 Ilaque
1447 625 1637 710 quaeritur,
1659 650 1745 696 num
1759 628 1900 716 formae,

224 758 423 846 quibuscum
445 768 582 836 graecae
597 743 726 832 possint
748 742 953 829 comparari,
982 741 1018 806 in
1032 741 1155 827 linguis
1169 740 1314 826 cognatis
1330 739 1549 827 reperiantur.
1593 742 1633 807 ln
1644 766 1711 830 qoa
1726 770 1763 814 re
1778 747 1903 816 iterum

225 876 340 963 lingua
358 866 519 936 sanserita
541 860 783 947 aliquantulum
806 857 890 967 lucis
910 855 1067 922 affundit.
1111 854 1215 943 Apud
1236 855 1338 921 Indos
1359 856 1450 922 enim
1467 859 1602 944 vulgata
1616 862 1819 928 nominativi
1834 864 1905 928 du-

225 989 289 1056 alis
308 986 420 1054 forma
440 993 490 1046 est
509 989 573 1061 nu,
604 997 704 1061 quam
727 974 864 1040 eandem
892 983 992 1056 atque
1015 1000 1040 1038 ω
1061 972 1244 1038 flexionem
1266 993 1419 1056 graecam
1441 996 1510 1042 esse
1528 988 1633 1065 put03
1660 976 1697 1040 in
1710 977 1905 1043 nominibus

122 1148 127 1155 -
226 1114 341 1170 autem
362 1094 493 1184 generis
517 1093 667 1159 neutrius
687 1103 720 1156 et
742 1112 840 1176 saepe
860 1088 959 1154 etiam
982 1086 1137 1154 feminini
1158 1089 1172 1152 i
1195 1087 1305 1153 littera
1326 1087 1364 1153 in
1389 1088 1453 1154 hoc
1474 1112 1619 1156 numero
1640 1090 1907 1169 estnominativi

227 1218 373 1303 signum.
416 1210 532 1297 Quare
554 1207 709 1293 equidem
728 1204 764 1270 in
787 1205 849 1271 νῶϊ
867 1198 900 1271 et
911 1206 1087 1290 ccdt‘duas
1099 1204 1158 1269 has
1172 1201 1298 1269 formae
1311 1203 1416 1271 coisse
1429 1219 1462 1271 et
1480 1206 1649 1293 copulatas
1662 1186 1735 1271 esse
1748 1196 1908 1273 arbitror.

229 1334 320 1400 Nem
338 1328 379 1394 ad
399 1324 546 1393 notionis
562 1323 699 1387 alicuius
718 1321 788 1385 vim
808 1320 1048 1388 intendendam
1064 1319 1137 1387 lieri
1150 1321 1287 1400 assolet,
1307 1331 1345 1387 ut
1359 1318 1506 1406 formae,
1528 1342 1613 1406 quae
1627 1319 1768 1388 eandem
1783 1320 1909 1386 habent

229 1444 525 1535 significationem,
550 1438 646 1502 iuxta
661 1449 830 1525 ponantur
844 1448 878 1502 et
895 1438 1119 1502 cumulentur.

1001 1663 1037 1743 t.
1068 1652 1134 1729 24.

573 1793 898 1852 crononrnun
925 1792 1111 1850 FORMAE
1140 1789 1283 1850 nunus
1316 1792 1563 1851 usrrnran.

334 1943 367 2022 1)
388 1930 536 2004 Romani
554 1931 636 1997 alios
656 1917 898 2020 pronominum
914 1954 1007 1997 casus
1019 1931 1276 2011 mutilaverunt,
1297 1930 1379 1996 alios
1396 1931 1581 1997 secundum
1596 1941 1784 1997 ceterorum
1797 1930 1910 1995 nomi·
1941 2013 1944 2016 Α

227 2080 311 2126 num
331 2049 586 2120 declinationem
601 2034 845 2130 formaverunt,
866 2047 960 2113 cuius
974 2047 1023 2112 rei
1038 2036 1199 2111 nonnulla
1216 2045 1341 2112 afferre
1353 2045 1446 2113 lubet
1458 2048 1624 2137 exempla.
1667 2047 1725 2114 Me
1738 2068 1801 2134 pro
1818 2042 1909 2111 mihi

134 2217 136 2223 .
229 2172 293 2238 dici
317 2171 432 2236 Festus
452 2146 488 2253 p.
512 2161 586 2230 104.
607 2162 658 2227 his
681 2161 793 2229 verbis
813 2173 1069 2230 commemorat:
1097 2161 1163 2227 Me
1186 2184 1252 2251 pro
1275 2161 1333 2227 mi
1339 2160 1385 2227 hi
1406 2159 1562 2255 dicebant
1582 2162 1741 2252 antiqui,
1771 2172 1810 2227 ut
1829 2160 1911 2226 En-

229 2286 323 2361 nius,
353 2305 429 2346 cnm
458 2278 510 2343 cit
535 2274 622 2340 libro
651 2275 812 2341 secundo:

538 2393 573 2456 Si
601 2390 681 2473 quid
702 2413 765 2457 me
793 2391 896 2457 fuerit
915 2391 1130 2469 humanitus,
1163 2401 1201 2455 ut
1223 2390 1362 2457 teneatis

279 2492 455 2563 Lucilius.-

228 2511 260 2566 εἰ
536 2590 639 2655 Nunc
655 2587 696 2654 ad
719 2599 751 2653 te
765 2586 885 2671 redeo,
906 2597 945 2652 ut
967 2604 1076 2673 quae
1097 2609 1160 2652 me
1180 2611 1248 2654 rea
1270 2587 1461 2675 impendet,
1484 2600 1614 2677 agatur.

228 2717 405 2782 Praeterea
431 2704 647 2794 reperiuntur
670 2701 747 2768 huis
767 2695 950 2811 pro'nut'us
970 2701 1059 2788 apud
1080 2703 1218 2770 Gruter.
1241 2727 1275 2793 p.
1290 2702 1343 2770 44.
1370 2704 1435 2771 Νι.
1458 2710 1508 2787 8.,
1532 2705 1729 2793 (Schneider
1742 2707 1909 2778 Element-

207 2846 311 2904 ‚tom.
325 2828 354 2892 1.
376 2847 409 2912 p.
427 2820 533 2909 287.);
556 2818 652 2907 quoji
669 2842 687 2884 e
710 2829 823 2884 vetere
843 2821 943 2908 po‘e‘ta
960 2820 1051 2907 apud
1075 2819 1145 2885 cic.
1168 2821 1269 2886 Tuec.
1283 2823 1311 2902 ς.
1324 2824 1377 2885 72.
1399 2818 1452 2883 ed.
1477 2819 1585 2887 Orell.
1610 2834 1643 2888 et
1663 2820 1774 2909 quoiei
1794 2821 1906 2888 Orell.

225 2946 328 3015 Inscr.
349 2942 412 3007 Nr.
427 2936 522 3017 555.;
551 2932 625 3001 ibus
640 2956 703 3022 pro
719 2934 764 2998 iis
777 2934 867 3019 apud
884 2936 976 3001 Non.
992 2934 1143 3000 Marcell.
1162 2957 1197 3023 p.
1210 2936 1285 3002 486.
1298 2935 1319 3002 l.
1338 2936 1389 3000 14.
1409 2936 1555 3025 exempl.
1571 2936 1729 3023 Meroen,
1752 2937 1811 3005 ubi
1824 2937 1910 3004 haec
2008 2932 2012 2939 ¹

228 3061 409 3144 leguntur:
431 3048 531 3114 Ibus
549 3070 616 3135 pro
640 3047 701 3110 iis
718 3046 832 3113 minua
852 3047 1022 3115 Latinum
1037 3060 1143 3135 putat
1163 3050 1387 3130 consuetudo,
1409 3073 1513 3139 quum
1532 3063 1682 3117 veterum
1701 3053 1910 3120 anctoritate

225 3171 419 3261 plurimum
439 3164 565 3233 volem.
612 3161 786 3274 Uinnius
807 3160 970 3228 Gemina:
999 3163 1057 3228 Eu
1071 3176 1200 3230 ecastor
1218 3167 1251 3230 si
1262 3165 1505 3232 moratoeeitis
1518 3161 1640 3233 ambae
1654 3161 1768 3244 idus,
1789 3178 1828 3231 ut
1834 3188 1907 3254 pro

228 3309 290 3374 ego
316 3277 465 3346 moribus
491 3291 571 3361 etc.3
607 3275 708 3345 cobus
733 3301 797 3366 pro
826 3277 871 3343 its
896 3277 984 3365 apud
1012 3279 1174 3346 Catonem
1202 3280 1241 3346 R.
1267 3283 1443 3348 r.c.152.
1478 3279 1603 3346 Facito
1632 3302 1751 3368 acopos
1770 3281 1910 3370 virgeus

227 3401 376 3478 ubnens,
397 3393 496 3462 eahae
519 3395 630 3461 latera
649 3392 752 3458 notin
760 3391 974 3480 perfricato,
1004 3394 1055 3460 im
1072 3405 1106 3461 et
1126 3416 1181 3460 cm
1192 3416 1257 3484 pro
1272 3418 1366 3477 eum,
1389 3395 1444 3486 (oi.
1465 3396 1538 3478 §.6.
1556 3397 1598 3479 1.)
1620 3417 1698 3462 eum
1713 3416 1778 3484 pro
1788 3418 1910 3491 ¹eorum
2004 3390 2009 3397 ’

229 3513 319 3603 apud
335 3514 473 3579 Festum
489 3511 527 3578 in
547 3511 708 3597 Excerpt.
724 3509 819 3575 Pauli
832 3508 926 3575 Diac.
939 3531 976 3597 p.
990 3511 1042 3576 58.

331 3631 368 3708 2)
397 3625 557 3713 Inprimis
586 3636 698 3690 autem
724 3624 763 3688 ea
787 3608 1018 3712 pronomina,
1046 3641 1191 3710 quorum
1219 3628 1387 3713 genitivus
1414 3628 1588 3714 singularis
1614 3627 1749 3695 numeri
1780 3629 1817 3695 in
1840 3629 1909 3711 ius,

228 3745 357 3811 dativus
371 3741 409 3806 in
423 3738 437 3804 i
451 3740 539 3824 exit,
565 3762 629 3826 pro
645 3725 697 3806 liis
708 3740 837 3807 usitatis
851 3737 971 3807 formis
986 3763 1233 3829 nonnunquam
1247 3744 1632 3839 ceterorumnomiuum
1648 3743 1908 3811 declinationem

229 3861 432 3938 adsciscunt,
459 3854 501 3920 do
516 3875 581 3939 qua
592 3877 631 3919 re
643 3851 832 3920 Priscianus
846 3855 906 3940 VI,
920 3860 949 3921 7.
961 3858 991 3938 §.
1004 3858 1057 3922 35.
1081 3853 1327 3937 Vetustissimi,
1350 3858 1472 3945 inquit,
1495 3857 1605 3924 solent
1616 3859 1768 3924 omnium
1783 3859 1820 3922 in
1837 3858 1908 3924 ius

231 3971 489 4040 terminantium
514 3968 705 4058 genitivum
731 3979 766 4049 et
791 3968 829 4037 in
854 3971 869 4035 i
894 3968 1068 4050 dativum,
1095 3972 1201 4038 etium
1222 3975 1260 4040 in
1281 3975 1297 4039 i
1316 3974 1512 4063 genitivum
1539 3973 1633 4038 etin
1650 3996 1670 4037 o
1690 3971 1852 4040 dativum
1868 3972 1908 4053 in

227 4108 350 4179 genere
368 4082 558 4151 masculino
577 4094 610 4151 et
627 4095 764 4163 neutro,
793 4085 830 4150 in
843 4083 1017 4174 feminino
1035 4080 1117 4154 'vero
1138 4089 1320 4154 secundum
1336 4089 1493 4176 primum
1512 4086 1773 4154 dentnuionem
1794 4089 1832 4153 in
1857 4109 1910 4154 ae

233 4198 481 4291 diphthongum
501 4197 658 4286 proferre
663 4222 674 4278 3
697 4198 862 4286 affertque
884 4200 951 4266 atti
970 4200 1065 4266 modi
1080 4224 1144 4290 pro
1156 4205 1248 4269 aliua
1262 4203 1358 4269 modi
1371 4229 1390 4270 e
1401 4205 1531 4272 Catone
1544 4215 1578 4270 et
1589 4203 1740 4282 Liciui03
1762 4202 1825 4267 uni
1841 4210 1915 4291 pro

231 4316 334 4385 utrius
354 4311 558 4391 eTitinni03
587 4314 653 4399 ipsi
673 4339 737 4405 pro
762 4314 869 4401 ipsius
891 4339 936 4382 ex
947 4315 1115 4395 Afrani03
1135 4328 1228 4383 totae
1247 4340 1310 4408 pro
1333 4302 1457 4399 totius,
1479 4318 1546 4396 soli
1565 4339 1629 4405 pro
1642 4314 1765 4396 solius,
1788 4317 1912 4384 nullae

230 4455 294 4519 pro
311 4427 458 4505 nullius,
479 4423 570 4487 nulli
591 4449 655 4511 pro
674 4430 824 4509 nullius,
853 4430 920 4495 ulli
940 4453 1004 4519 pro
1026 4430 1150 4510 uiliter,
1172 4432 1229 4497 illi
1242 4455 1305 4521 pro
1319 4434 1434 4516 illius,
1459 4446 1494 4498 et
1509 4432 1569 4498 isti
1583 4455 1647 4522 pro
1663 4433 1774 4500 istim.
1817 4432 1912 4499 Illae

146 4526 149 4536 ¹
233 4556 347 4612 autem
367 4565 430 4634 pro
452 4538 509 4608 illi
522 4536 628 4610 Pnut.
645 4541 748 4610 habet
768 4543 890 4632 Pseud.
912 4551 943 4631 ὃ,
961 4550 1055 4630 1,17.
1082 4545 1204 4633 Mite,
1220 4551 1250 4637 1,
1263 4554 1333 4633 sna
1353 4546 1438 4616 istoc
1452 4569 1518 4639 pro
1531 4547 1592 4616 isti
1605 4548 1725 4617 nucu
1737 4534 1770 4631 a,
1787 4554 1817 4639 1,
1835 4553 1909 4629 1643
