4320 5414
237 388 289 469 14

237 605 297 660 tur
318 584 424 654 ctiam
445 575 554 658 ἰὶὶαᾶ,
581 597 654 658 cur,
686 596 792 665 quum
807 569 905 660 apud
918 568 1065 636 Graecos
1088 566 1193 650 tertio
1200 591 1353 659 pmsono
1364 567 1606 659 pronominum
1615 572 1877 662 primitivorum
1889 591 1929 648 er,

207 713 211 725 '
236 709 275 776 iu
289 699 461 794 singulari
483 716 621 762 nunwro
636 688 761 756 lrabeat
776 687 1025 755 nominativum
1038 686 1095 754 Fr
1113 699 1146 754 et
1157 687 1195 753 in
1202 687 1339 777 plurali
1354 685 1443 777 (sive
1456 685 1510 772 oi,
1532 689 1621 774 quod
1638 691 1768 761 codic'es
1784 696 1926 784 quidam

236 823 378 904 habent,
400 817 474 882 sive
494 821 609 898 σφεῖς
625 809 678 874 hic
693 802 912 871 inserendum
929 803 1004 891 est),
1026 802 1121 892 opud
1132 803 1278 877 Latinos
1295 803 1351 870 sui
1362 814 1396 870 et
1408 805 1619 872 nominativo
1635 802 1751 893 deficit
1760 857 1772 888 ,
1795 821 1830 875 et
1838 811 1926 898 plu·

237 939 331 1005 rolin
353 931 545 1020 separatim
566 948 633 992 non
655 920 787 990 babuit.
832 920 917 986 lbid.
935 923 963 1004 §.
982 924 1011 986 8.
1034 918 1145 1008 Apud
1162 918 1312 1003 Graecos
1332 920 1565 986 nominativus
1584 920 1776 1010 supradicti
1789 947 1929 1013 prono·-
2017 983 2020 991 .

233 1054 350 1131 minis,
363 1048 412 1114 id
425 1056 474 1112 est
488 1044 557 1122 Fa,
577 1063 675 1107 rarus
690 1049 739 1111 est
755 1038 792 1102 in
804 1059 878 1102 usu.
921 1034 1077 1102 Pluribus
1090 1035 1133 1103 de
1147 1036 1213 1115 hoc
1227 1035 1432 1126 pronomine
1447 1035 1514 1123 egit
1529 1036 1733 1125 Apollonius
1747 1038 1939 1129 Dysmlna·

235 1166 450 1260 gravissimus
474 1162 510 1226 in
531 1158 625 1224 omni
649 1179 687 1222 re
707 1152 925 1242 grammatica
939 1164 1058 1219 auctor
1074 1166 1108 1220 et
1120 1153 1367 1220 subtilissimus.
1408 1151 1474 1219 Sed
1489 1151 1617 1239 codex,
1636 1177 1656 1220 e
1672 1173 1739 1238 quo
1753 1155 1927 1224 Bekkerus

234 1287 305 1356 aius
319 1281 447 1347 librum
461 1277 503 1343 de
515 1273 720 1364 pronomine
735 1268 925 1360 descripsit,
947 1267 1019 1335 iere
1034 1253 1222 1337 accentibus
1236 1281 1272 1338 et
1287 1269 1424 1358 spiritus
1439 1268 1542 1357 siguis
1562 1281 1664 1336 caret.
1706 1268 1776 1356 (Cf.
1792 1273 1872 1339 Bast
1885 1272 1928 1338 ad

236 1401 380 1486 Gregor.
402 1393 554 1460 Corinth.
576 1415 609 1484 p.
626 1389 678 1456 84.
699 1400 733 1455 et
749 1385 856 1456 Wolf
877 1386 912 1450 in
928 1386 1018 1452 Mus.
1034 1385 1135 1471 antiq.
1149 1385 1237 1453 stud.
1249 1407 1282 1474 p.
1297 1389 1371 1452 257.
1393 1397 1425 1452 et
1440 1387 1635 1454 Buttmann.
1651 1385 1803 1455 Gramm.
1818 1396 1927 1474 graeo

235 1538 326 1584 max.
348 1515 376 1595 §.
396 1516 450 1576 72.
476 1509 541 1573 Nr.
565 1512 596 1573 8.
618 1506 711 1582 adn.)
757 1503 974 1591 Quapropter
996 1523 1041 1566 au
1058 1501 1230 1567 Bekkerus
1251 1524 1284 1591 p.
1298 1506 1374 1568 270.
1397 1514 1478 1590 etp.
1496 1504 1588 1584 886„
1616 1501 1677 1568 nbi
1691 1501 1925 1591 Apolloniusc

233 1645 423 1722 pronomen
440 1625 475 1690 in
489 1621 635 1688 relativis
650 1631 817 1700 numerat,
841 1630 874 1683 et
885 1640 918 1704 p.
929 1621 1018 1700 272,
1039 1617 1098 1682 ubi
1111 1616 1216 1683 trium
1230 1638 1393 1704 generum
1408 1641 1478 1684 esse
1492 1617 1584 1702 dicit,
1606 1628 1641 1683 et
1653 1640 1688 1707 p.
1701 1622 1765 1685 529
1780 1654 1819 1668 -
1838 1625 1926 1702 381,

105 1775 116 1783 ·
234 1748 295 1813 ubi
318 1741 434 1811 multis
456 1740 496 1805 de
517 1738 582 1802 hoc
601 1734 804 1824 pronomine
827 1733 912 1820 agit,
932 1732 1090 1821 spiritum
1114 1756 1273 1821 asperum
1292 1744 1383 1800 recto
1403 1732 1588 1818 addiderit,
1618 1731 1659 1798 de
1682 1756 1721 1801 ea
1743 1757 1782 1801 re
1802 1737 1926 1826 ambigi

233 1870 355 1953 potest·
399 1854 465 1922 Sed
485 1876 516 1942 p.
532 1851 627 1935 295„
649 1851 708 1916 ubi
723 1852 739 1916 ‘i
757 1870 833 1914 cum
846 1853 893 1925 τίς
907 1849 1099 1938 componit,
1122 1862 1156 1915 et
1170 1849 1349 1915 nonnulios
1365 1846 1543 1916 credidisse
1557 1861 1672 1917 narrat
1680 1900 1691 1934 ,
1712 1854 1818 1937 sicxex
1829 1880 1841 1918 ι
1854 1875 1924 1919 esse

233 1976 352 2045 eodem
373 1970 475 2037 modo
498 1976 628 2047 ortum,
658 1966 709 2031 uti
730 1989 774 2031 ex
801 1959 867 2039 οἷος
886 1974 971 2042 τοῖος
992 1976 1025 2030 et
1045 1987 1088 2029 ex
1108 1960 1150 2040 ὦς
1170 1967 1246 2049 τώς,
1267 1985 1339 2030 non
1359 1976 1470 2052 potest
1490 1965 1652 2050 dubitari,
1681 1966 1763 2050 quin
1778 1965 1925 2056 Apollo-

233 2093 311 2160 nius
332 2089 373 2154 de
393 2087 451 2152 illo
466 2081 671 2173 pronomine
690 2059 774 2147 ουαί
787 2081 908 2168 spiritu
931 2102 1049 2168 aspero
1072 2079 1197 2167 scripto
1217 2078 1426 2167 cogitaverit·
1470 2082 1672 2169 Quanquam
1692 2081 1794 2168 igitur
1808 2083 1924 2172 Apol·

233 2207 346 2275 Ionius
368 2207 384 2271 ‘i
408 2202 556 2267 formam
576 2197 666 2264 tueri
687 2197 838 2277 videtur,
862 2207 975 2261 tamen
995 2194 1059 2261 sibi
1078 2193 1150 2282 ipse
1173 2218 1245 2265 uon
1265 2209 1401 2263 constat.
1445 2200 1538 2264 Nam
1559 2220 1594 2285 p.
1611 2202 1685 2265 880.
1707 2220 1808 2265 voces
1826 2203 1921 2289 ἷωρός

235 2327 270 2390 et
298 2323 346 2396 ior
377 2340 421 2383 ex
442 2316 499 2381 illo
522 2312 727 2403 pronomine
755 2309 1078 2397 originem-trahere
1098 2309 1197 2394 dicit,
1232 2331 1341 2396 neque
1360 2324 1474 2378 mmen
1497 2312 1680 2399 quidquam
1703 2313 1744 2379 de
1766 2328 1919 2382 accentus

235 2432 459 2523 discrepantia
481 2410 741 2507 commemorem
771 2439 805 2493 et
822 2430 943 2513 ἵγνητες
963 2424 1107 2491 verbum
1129 2449 1174 2492 ax
1198 2425 1318 2493 eodem
1339 2427 1542 2515 pronomine
1566 2427 1693 2494 derivat
1708 2440 1741 2495 et
1755 2429 1844 2498 addit
1865 2438 1919 2510 τῆς
1980 2476 1983 2481 Δ

234 2556 360 2628 δασείας
380 2549 529 2623 Ἀττικῶς
547 2548 792 2630 aperniciosa,
820 2542 941 2631 quibus
956 2539 1071 2611 verbis
1097 2541 1176 2612 huic
1195 2542 1392 2634 pronomini
1410 2542 1566 2636 spiritum
1584 2565 1742 2636 asperum
1760 2568 1831 2615 non
1848 2568 1920 2616 esse
1991 2629 1996 2636 ⁵

232 2666 431 2757 proprium,
459 2664 537 2728 satis
555 2683 722 2748 superque
738 2660 890 2728 declarat.

337 2783 456 2863 Itaque
485 2799 590 2864 quum
617 2787 771 2842 veterum
797 2778 1093 2864 grammaticorum
1119 2779 1160 2847 de
1188 2782 1254 2847 hoc
1282 2780 1486 2870 pronomine
1511 2782 1697 2849 sententiae
1721 2792 1779 2846 aut
1808 2782 1920 2848 ambi·

232 2920 318 2989 guae
343 2896 409 2962 sint
436 2904 492 2959 aot
514 2892 604 2961 inter
629 2914 665 2958 se
693 2895 899 2978 contrariae,
930 2895 1014 2985 ipsi,
1047 2895 1129 2982 quid
1157 2897 1199 2963 sit
1225 2897 1473 2980 statuendum,
1494 2921 1585 2965 nunc
1606 2898 1788 2965 videamus.
1847 2897 1918 2965 At-

232 3036 299 3101 que
328 3014 393 3077 hoc
421 3008 571 3095 primum
606 3030 650 3073 ex
682 3009 837 3074 omnibus
869 3022 1031 3099 apparet,
1070 3012 1136 3076 hoc
1163 3033 1354 3099 pronomen
1383 3011 1472 3098 apud
1505 3014 1653 3077 Graecos
1683 3014 1720 3076 in
1749 3035 1812 3077 usu
1839 3014 1919 3097 qui·

231 3124 450 3208 dominicae,
478 3123 625 3189 sedtum
651 3146 748 3204 raro,
776 3138 816 3191 ut
838 3147 925 3191 unus
949 3127 991 3192 de
1011 3125 1235 3216 grammaticis
1253 3123 1338 3192 illud
1362 3136 1492 3191 tantum
1521 3125 1557 3191 in
1579 3125 1648 3192 fine
1673 3106 1917 3214 pronominum

230 3243 341 3312 oirooi
362 3256 396 3308 et
422 3241 554 3306 ἐκεινοσί
579 3238 690 3303 locum
716 3232 839 3306 habere
859 3243 1053 3327 contendat,
1083 3254 1259 3330 praeterea
1279 3263 1350 3309 uon
1368 3262 1404 3307 se
1424 3241 1595 3310 invenisse
1612 3240 1768 3308 fateatur.
1812 3243 1917 3311 Recte

229 3370 345 3428 autem
377 3357 441 3421 hoc
465 3350 655 3442 pronomen
684 3376 776 3420 cum.
789 3356 909 3444 spiritu
935 3357 1005 3423 leni
1036 3357 1154 3441 scribi,
1191 3347 1379 3424 ceterarum
1411 3357 1604 3444 linguarum
1631 3380 1809 3426 censensus
1838 3361 1917 3429 satis

229 3471 438 3562 comprobat.
481 3468 547 3559 (Cf.
574 3471 639 3535 Nr.
663 3465 704 3556 1.)
749 3470 819 3558 Qui
848 3483 959 3538 tamen
986 3462 1112 3555 iactum
1132 3472 1192 3559 sit,
1222 3484 1263 3539 ut
1282 3472 1382 3540 multi
1402 3473 1610 3561 grammatici
1628 3474 1693 3540 boc
1711 3498 1918 3564 pronomen,

135 3590 142 3597 ’
229 3590 324 3657 cuius
347 3609 426 3652 usus
447 3585 598 3673 ipsorum
623 3595 729 3650 aetate
751 3587 850 3673 plane
872 3601 1074 3674 evanuerat,
1099 3602 1134 3655 et
1152 3588 1248 3654 cuius
1263 3588 1404 3677 vmtigia
1417 3591 1454 3656 in
1468 3590 1675 3679 paucissimis
1687 3604 1819 3658 tantum
1832 3594 1915 3660 locis

226 3705 331 3791 magis
353 3701 546 3768 coniectura
576 3698 742 3782 divinari,
773 3724 873 3788 quam
905 3716 995 3778 certo
1024 3704 1213 3790 intelligere
1233 3717 1411 3793 poterant,
1440 3704 1605 3795 aspiritii
1625 3729 1744 3796 aspero
1765 3707 1914 3798 incipere

226 3820 422 3901 crederent,
445 3816 483 3881 in
503 3827 666 3903 promptu
689 3830 748 3883 est.
791 3819 927 3885 Etenim
948 3820 1014 3886 hoc
1036 3846 1049 3885 ι
1071 3819 1558 3909 nominativumpronominia
1576 3822 1743 3912 reciproci
1762 3826 1851 3907 sive,
1865 3812 1914 3893 ¹ut
2006 3851 2009 3856 ·

224 3933 332 4000 nostri
355 3931 561 4019 grammatici
585 3929 717 4013 dicunt,
741 3931 918 4015 reflexivi,
948 3935 1086 4021 eiusque
1106 3957 1201 4002 casus
1224 3935 1376 4024 obliquos
1396 3929 1449 4022 oi,
1477 3932 1523 4020 oi,
1544 3937 1562 4004 ἕ
1582 3961 1653 4006 esse
1674 3939 1854 4028 putabant,
1880 3955 1914 4009 et

226 4069 329 4133 quem
357 4047 394 4110 hi
414 4068 509 4113 casus
532 4046 688 4134 spiritum
709 4044 854 4132 habent,
884 4048 1028 4115 eundem
1056 4049 1099 4116 ad
1117 4050 1365 4118 nominativum
1387 4074 1522 4141 qnoque
1544 4053 1797 4123 transferebant.
1842 4057 1933 4139 (0ss

224 4161 342 4252 'Apolb
356 4160 456 4246 Dyso.
473 4163 514 4226 de
532 4163 691 4228 Pronom.
705 4165 781 4230 270.
801 4161 988 4250 αἀτωναμίαι
1008 4164 1192 4253 ἅναφορικαὶ
1205 4167 1224 4247 ἧ
1236 4169 1311 4251 rs‘i,
1327 4163 1382 4250 oi,
1401 4164 1449 4253 ot,
1470 4169 1504 4253 8,
1527 4182 1608 4260 etp.
1624 4175 1697 4237 229.
1719 4196 1731 4234 ι
1748 4174 1859 4252 ταύτην
1881 4173 1916 4241 oi

228 4282 287 4365 μέν
310 4300 387 4362 φασι
415 4278 610 4360 παράλογον,
640 4279 687 4346 ὅτι
713 4277 751 4344 osi
776 4275 825 4346 dui
846 4288 902 4348 τοῦ
922 4283 956 4345 ὗ·
980 4279 1121 4373 ἀποβολῇ
1141 4279 1202 4371 γὰρ
1225 4290 1283 4352 roi
1300 4309 1322 4353 σ
1343 4281 1398 4364 τὰς
1417 4280 1494 4354 acroi
1517 4283 1554 4355 ro*
1572 4291 1676 4374 τρίτον
1691 4284 1914 4358 ἀποτελεῖσθαι

225 4386 408 4474 soi—oi,
433 4394 491 4467 σός
506 4425 550 4438 -
565 4389 610 4466 ὅς.
659 4393 775 4477 Atque
798 4394 840 4459 ad
866 4417 941 4461 eam
967 4392 1163 4485 opinionem
1191 4401 1291 4466 etiam
1318 4404 1530 4488 pronominis
1550 4403 1716 4493 reciproci
1738 4404 1852 4472 dativo
1870 4410 1910 4491 ἵν,

224 4529 328 4596 quem
340 4507 545 4600 Apollonius
560 4506 697 4595 Dyscol.
721 4529 755 4595 p.
771 4512 844 4578 866.
866 4527 1129 4602 commemorat,
1151 4515 1412 4604 adducebantur,
1433 4540 1519 4608 quae
1534 4518 1647 4589 forma
1659 4521 1910 4589 nominativum
