4320 5414
1692 416 1774 441 ,.
1882 295 2058 426 5ss

245 550 339 619 illins
357 548 502 618 dilucida
519 570 557 616 ac
570 544 750 638 perspicua
760 543 855 613 notio
871 542 976 610 menti
988 544 1195 613 obversetur.
1223 541 1445 632 'Quisquam
1468 542 1529 611 ubi
1549 545 1711 624 sententia
1730 567 1854 635 negans
1873 551 1927 633 sit,
1951 586 1958 600 ·

246 665 401 754 usurpari
421 676 572 745 constat3
599 659 766 751 significat
785 671 914 741 autern,
933 659 985 744 id,
1016 684 1082 749 quo
1106 660 1147 727 de
1167 671 1302 748 agatur,
1335 682 1379 725 ne
1399 658 1466 726 ulla
1485 660 1621 748 quidem
1638 661 1834 730 condicione
1848 667 1927 730 nui·

244 780 464 868 ioquemodo
482 777 560 845 fieri
576 801 685 867 posse.
731 774 1369 867 Quara'quamsuprahuicparticulae
1385 766 1785 845 inessemonuimusvim
1801 780 1926 869 ampti-
1986 826 2022 855 ,-
2116 811 2120 821 ·

243 894 367 962 finandi
388 906 422 963 et
437 891 541 980 quasi
554 890 797 980 exaggerandi,
816 912 891 958 eam
913 891 967 957 hic
989 912 1121 981 quoque
1142 882 1443 981 deprehendimus,
1470 890 1616 957 intendit
1629 893 1721 960 enim
1735 895 1804 960 vim
1823 918 1927 982 nega·

239 1010 354 1077 nonis.
404 1011 526 1095 Neque
553 1022 667 1076 tamen
695 1029 765 1074 non
793 1029 890 1095 posse
909 1008 1092 1096 quisquam
1111 1008 1174 1075 nisi
1196 1009 1233 1075 in
1251 1008 1424 1074 sententiis
1445 1006 1643 1094 negantibus
1666 1009 1778 1075 locum
1803 1009 1927 1076 habere

240 1125 435 1208 statuimus,
457 1127 558 1212 idque
583 1145 648 1210 quo
672 1124 783 1187 minus
808 1122 1000 1206 credamus,
1023 1126 1137 1213 piures
1157 1123 1222 1189 loci
1238 1123 1444 1212 impediunt,
1466 1121 1501 1187 in
1516 1121 1633 1207 quibus
1648 1122 1712 1188 nisi
1725 1123 1768 1204 ad
1783 1118 1930 1211 argutias

208 1292 215 1301 .
242 1236 424 1321 confugere
445 1239 545 1320 velis,
567 1239 619 1302 uti
637 1238 817 1326 Grysarius
838 1235 936 1319 fecit,
954 1262 1024 1304 non
1039 1238 1195 1326 negandi,
1216 1239 1274 1304 sed
1289 1238 1324 1303 in
1337 1238 1534 1305 universum
1548 1236 1775 1306 intendendae
1787 1252 1927 1308 senteu-

240 1353 307 1423 ,tiac
326 1354 377 1421 vis
401 1356 497 1420 inest.
542 1356 679 1422 Terent.
693 1353 846 1418 Eunuch.
861 1355 991 1442 prolog.
1010 1358 1129 1422 1-3.

555 1470 592 1536 Si
620 1468 846 1554 quisquam
875 1480 941 1551 est,
973 1469 1028 1556 qui
1057 1470 1188 1556 placere
1209 1491 1244 1534 se
1264 1466 1394 1535 studeat
1417 1465 1513 1533 bonis

554 1560 667 1674 Quam
698 1583 870 1673 plurimis,
903 1596 937 1652 et
963 1584 1105 1650 minime
1130 1584 1254 1649 multos
1272 1583 1423 1664 laedere3

231 1754 234 1763 .
552 1702 594 1766 In
623 1700 675 1764 his
698 1700 799 1786 poeta
826 1698 881 1763 hic
902 1722 1028 1765 nomen
1049 1698 1257 1789 profitetur
1250 1720 1360 1764 suum.

241 1813 311 1899 (Of.
333 1787 518 1882 Heindorf
542 1816 584 1882 ad
602 1815 687 1883 Hor.
712 1814 779 1879 Sat
796 1813 818 1879 Ι.
833 1809 871 1897 l)
1347 1889 1354 1913 ί

341 1931 399 1999 Ad
423 1932 602 2021 quisquam
621 1951 830 2020 pronomen,
853 1928 882 1993 si
903 1929 1035 2015 negatio
1059 1929 1252 2013 antecessit,
1276 1953 1363 1995 unrrs
1384 1929 1555 1998 interdum
1572 1929 1723 2016 additur,
1746 1956 1813 2022 quo
1827 1940 1923 2009 addi.

238 2059 274 2114 to
293 2045 470 2134 singularis
487 2048 539 2114 rei
555 2047 648 2113 notio
664 2056 823 2132 negatur,
848 2044 978 2131 generis
994 2057 1124 2127 atatem,
1145 2032 1233 2133 quod
1249 2045 1395 2131 singulas
1409 2069 1463 2112 res
1477 2047 1645 2129 continet,
1668 2051 1761 2117 notio
1776 2058 1923 2144 opponi-

238 2175 313 2243 tur3
342 2163 398 2252 qui
419 2187 497 2230 usus
519 2161 676 2248 frequens
699 2175 748 2240 est
769 2160 858 2255 apud
872 2159 1021 2225 Livium.
1066 2159 1193 2242 cnut,
1215 2163 1267 2228 55.
1295 2160 1394 2240 Haec
1414 2160 1549 2241 omnia,
1571 2175 1609 2228 ut
1630 2163 1765 2247 invitis,
1786 2171 1836 2236 ita
1857 2197 1923 2238 non
1997 2198 2003 2206 ·
2031 2155 2033 2161 Ι

237 2277 504 2345 ιιιῑνενιιιηὶίῖιιιι”
513 2277 675 2366 patriciis
699 2286 895 2354 transacta3
931 2276 1013 2362 quia
1038 2276 1188 2341 nondum
1216 2276 1253 2341 in
1282 2300 1522 2367 quenquam
1548 2301 1678 2343 unum
1704 2282 1924 2354 saeviebatur.
1966 2284 1979 2311 “

237 2380 413 2477 XXVIII,
443 2399 495 2460 37.
528 2391 662 2459 Fundis
695 2403 733 2457 ut
772 2412 862 2455 nunc
888 2390 1101 2475 plurimum,
1142 2394 1195 2459 ito
1232 2406 1312 2458 tunc
1346 2393 1418 2457 solo
1453 2416 1491 2459 eo
1526 2392 1593 2458 telo
1629 2392 1828 2475 utebantur,
1864 2427 1925 2469 nec

239 2510 468 2596 quisquam
488 2507 633 2569 alterius
651 2503 764 2591 gentis
786 2522 896 2565 unus
918 2510 1051 2565 tantum
1071 2524 1112 2566 en
1133 2514 1225 2583 arte,
1253 2514 1420 2588 quantum
1449 2503 1538 2567 inter
1559 2502 1649 2567 alios
1671 2529 1809 2576 omnes
1831 2514 1922 2581 Ba.

241 2623 382 2689 leores
405 2619 579 2685 excellunt.
622 2616 670 2701 11,
686 2621 717 2680 9.
744 2614 842 2679 Haec
863 2613 1077 2704 indulgentia
1090 2628 1233 2702 patrum
1246 2615 1329 2680 adeo
1343 2614 1539 2682 concordem
1551 2616 1725 2685 civitatem
1738 2629 1864 2708 tenuit,
1878 2644 1924 2699 ut

240 2739 373 2829 regium
403 2755 523 2802 nomen
550 2753 618 2796 non
644 2730 771 2797 summi
795 2731 929 2818 magis,
966 2752 1070 2817 quam
1101 2728 1217 2818 infimi
1244 2731 1436 2811 lmrrerent,
1468 2754 1528 2797 nec
1556 2733 1789 2824 quisquam
1815 2764 1923 2809 unua

240 2854 344 2919 malis
371 2849 502 2917 ortibus
529 2857 652 2935 postea
684 2857 757 2912 tam
783 2844 963 2931 popularia
987 2858 1086 2929 esset,
1119 2869 1223 2934 quam
1251 2859 1324 2912 tum
1354 2843 1432 2911 bene
1460 2836 1661 2934 imperando
1691 2845 1922 2926 uniuersus

239 2968 428 3035 Senatus
449 2963 538 3057 fuit.
583 2964 646 3046 ΙΙΙ,
669 2961 721 3028 45.
752 2958 971 3027 Adversus
956 2960 1127 3046 injuriam
1156 2961 1283 3027 decreti
1312 2984 1415 3048 quum
1436 2961 1568 3028 multi
1590 2967 1704 3055 nangis
1718 2942 1920 3059 fremerent,

178 3088 203 3112 ’”
239 3070 344 3172 quam
367 3084 612 3171 quisquam
619 3100 729 3144 unus
751 3096 905 3142 recusare
925 3075 1073 3144 aurieret
1115 3077 1278 3159 XXXII,
1299 3082 1354 3143 20.

341 3197 487 3286 d)Qnit
471 3195 552 3262 tibet
581 3207 617 3261 et
642 3193 792 3282 quiriae
823 3188 926 3256 libere
954 3203 988 3257 et
1015 3191 1118 3277 velle,
1149 3193 1332 3260 verborum
1362 3194 1545 3277 radicibus,
1575 3204 1609 3258 et
1638 3182 1698 3282 qui
1717 3205 1920 3287 pronomine

236 3313 379 3382 relativo
400 3325 564 3380 constant.
609 3285 804 3394 Utrumque
827 3307 918 3387 enim
941 3331 1132 3397 pronomen
1155 3308 1292 3396 proprie
1315 3310 1382 3374 duo
1406 3320 1502 3375 erant
1524 3310 1646 3392 verba,
1668 3334 1741 3378 non
1762 3314 1796 3380 in
1811 3339 1918 3387 unum

237 3432 425 3496 coniuncta.
470 3431 561 3497 Nam
592 3449 677 3516 quae
700 3425 818 3490 Cicero
845 3444 909 3511 pro
936 3426 1037 3490 Rosc.
1064 3420 1141 3490 Am.
1162 3429 1193 3490 3.
1217 3424 1333 3490 habeta
1363 3425 1402 3490 Si
1429 3435 1503 3490 out
1519 3447 1641 3491 caussa
1663 3427 1831 3512 criminis,
1858 3448 1920 3501 urst

230 3545 329 3635 facti
349 3545 518 3632 suspicio,
547 3555 610 3611 out
637 3535 861 3631 quaelibet
890 3536 1072 3626 denique
1100 3539 1370 3622 vel-minima
1399 3562 1464 3606 res
1484 3541 1688 3628 reperietur,
1719 3568 1758 3612 ea
1778 3562 1917 3638 possunt
1992 3610 1995 3615 .

225 3664 283 3727 'its
303 3660 457 3726 dissolvi:
487 3670 544 3726 aut
568 3658 712 3743 denique
734 3655 790 3722 vel
811 3654 958 3748 minima·
974 3677 1027 3720 res
1047 3657 1250 3746 reperietur,
1279 3676 1364 3742 quae
1385 3655 1476 3723 libet.
1526 3655 1622 3723 Idem
1644 3659 1686 3725 de
1708 3661 1782 3729 Fin.
1805 3666 1866 3744 tlt,
1883 3669 1914 3729 7.

236 3778 294 3844 Sic
306 3777 379 3844 vita
393 3773 527 3864 agenda
545 3784 595 3840 est
611 3784 699 3838 certo
709 3793 833 3861 genere
849 3768 1007 3857 qraodam,
1029 3750 1110 3836 non
1132 3772 1231 3860 qual
1239 3773 1252 3836 i
1260 3769 1336 3850 bet,
1357 3771 1378 3838 i.
1395 3795 1422 3838 e.
1436 3795 1507 3838 non
1521 3794 1587 3859 quo
1601 3772 1694 3840 libet.
1724 3776 1789 3841 Sed
1805 3777 1914 3846 multo

234 3916 299 3960 usn
327 3892 409 3957 haec
438 3889 541 3956 rerba
567 3890 605 3954 in
633 3904 740 3953 unum
767 3886 984 3968 coaluerunt,
1019 3899 1057 3952 ut
1087 3909 1150 3974 pro
1177 3874 1245 3953 uno
1269 3898 1309 3951 vet
1335 3886 1539 3954 haberentur
1567 3901 1599 3956 et
1629 3901 1912 3960 construerentur.

232 4009 321 4076 Plin.
343 4007 434 4074 Hist.
460 4003 694 4087 nat.V11,aa.
719 4003 760 4069 ad
790 3999 847 4067 fin.
876 3998 941 4079 Bis
968 3998 1011 4065 ab
1032 3999 1230 4068 Hannibale
1256 4012 1395 4090 captim,
1425 4024 1529 4090 neque
1554 4005 1743 4071 enimcum
1766 4006 1913 4095 quolibet

235 4125 325 4191 burte
340 4125 405 4190 'res
422 4119 512 4211 fuit.
556 4119 664 4185 Simili
685 4117 787 4184 modo
818 4116 927 4205 quivis
954 4118 995 4182 ab
1016 4116 1114 4183 initio
1136 4118 1280 4209 obliquis
1300 4104 1432 4184 tantum
1453 4118 1490 4184 in
1510 4121 1639 4187 casibus
1658 4136 1857 4212 usurpatum
1879 4136 1911 4190 et
1984 4148 1987 4153 ⁴

233 4238 477 4327 angustioribus
505 4232 636 4301 dicendi
657 4233 780 4300 finibus
801 4232 1088 4321 circumscriptum
1114 4231 1212 4299 fuisse
1231 4234 1387 4301 arbitror.
1432 4234 1500 4301 Cic.
1519 4232 1616 4302 Verr.
1635 4238 1696 4321 111,
1713 4243 1762 4305 ta.
1791 4254 1829 4306 ut
1843 4234 1910 4303 ‘Im-

235 4355 341 4419 mines
363 4352 533 4441 quidvis
546 4349 683 4437 perpeti
704 4370 809 4436 quom
830 4370 896 4411 non
916 4347 959 4413 de
981 4348 1077 4413 istius
1094 4349 1270 4434 pravitate
1291 4349 1448 4435 conqueri
1469 4349 1661 4430 mallent,
1650 4378 1673 4420 ι.
1696 4377 1722 4417 e.
1746 4355 1825 4439 quid
1848 4356 1908 4418 vie.

218 4469 339 4537 Plaut.
357 4468 453 4553 Asin,
469 4467 529 4553 Ill,
546 4472 576 4540 3,
590 4470 641 4533 81.
666 4462 810 4548 Quidvis
823 4473 950 4550 egestas
967 4463 1113 4551 imperat
1120 4488 1176 4542 ,t
1192 4488 1219 4530 e.
1225 4463 1393 4551 quidvis
1435 4467 1483 4533 Id.
1499 4467 1600 4536 Truc.
1616 4467 1675 4556 IV,
1692 4469 1765 4550 4,3
1786 4467 1910 4534 Dicere

1320 4602 1323 4612 “
1486 4583 1525 4648 H
1546 4587 1568 4648 2
