4320 5414
326 576 539 649 Gnilbellnus
560 581 764 670 Schlegeliua
783 580 944 649 fecerunt.
989 581 1038 648 Ut
1062 591 1174 647 autem
1195 577 1271 647 fieri
1292 577 1429 663 assolet,
1457 589 1497 644 ut
1517 601 1572 646 res
1587 583 1773 669 praeclara,
1795 587 2006 672 simulatque

323 696 456 782 cognita
476 710 543 784 est,
565 723 586 766 a
606 698 720 765 multis
742 709 936 786 appetatur:
965 698 1010 763 ita
1031 698 1150 780 etiam,
1174 717 1279 782 quum
1293 696 1336 761 ad
1349 696 1546 763 sanseritam
1560 696 1711 782 linguam
1727 695 1865 786 eiusque
1880 688 2006 766 monu-

325 823 440 877 menta
459 815 568 881 aditus
588 828 673 881 esset
692 813 891 902 patefactus,
921 815 1019 880 multi
1040 814 1107 878 viri
1132 811 1314 878 doctissimi
1335 811 1377 876 ad
1402 813 1472 876 eius
1491 812 1638 877 studium
1657 816 1906 881 incubuerunt·
1938 814 2008 899 Qui

330 943 433 1008 quum
455 931 564 997 multa
587 931 628 995 de
651 929 815 994 Indorum
841 930 1071 1016 philosophia,
1095 930 1237 1008 artibus,
1261 928 1360 991 rebus
1377 928 1476 991 sacris
1501 951 1538 991 ac
1553 929 1651 991 rebus
1672 933 1770 1014 gestis
1794 931 1923 1015 egregie
1941 951 2007 993 ex-

176 1093 181 1102 .
265 1106 267 1110 ,
324 1043 530 1128 posuissent,
544 1057 623 1109 'tum
648 1045 748 1110 etiam
773 1047 815 1109 de
835 1046 906 1132 ipsa
925 1046 1059 1130 lingua,
1084 1045 1123 1108 de
1137 1044 1207 1108 eius
1224 1042 1369 1126 origine,
1393 1042 1432 1105 de
1448 1043 1584 1127 singulis
1600 1043 1743 1128 denique
1758 1047 1870 1110 verbis
1885 1056 1917 1108 et
1931 1044 2006 1110 for-

324 1156 389 1221 mis
410 1157 505 1226 docte
526 1172 559 1226 et
582 1174 733 1226 accurate
757 1160 994 1227 disseruerunt.
1038 1161 1159 1247 Neque
1184 1182 1256 1240 eos,
1278 1157 1356 1242 quid
1379 1157 1467 1222 inter
1480 1158 1628 1242 linguam
1643 1160 1789 1224 indicam
1807 1173 1839 1225 et
1853 1181 2007 1245 graecam

324 1269 529 1358 latinamque
555 1290 640 1342 esset
659 1276 908 1357 similitudinis,
942 1277 1001 1341 diu
1023 1277 1128 1341 latere
1145 1273 1264 1362 potuit.
1311 1271 1395 1357 Quox
1414 1272 1501 1339 miro
1517 1296 1679 1339 consensu
1697 1297 1800 1360 quum
1816 1275 1857 1341 ad
1873 1276 2007 1360 lingua·

324 1407 401 1451 rum
424 1388 570 1456 interae
593 1392 895 1479 comparandarum
916 1391 1063 1455 studium
1084 1390 1188 1475 magis
1209 1388 1319 1452 allecti
1341 1388 1422 1452 alias
1443 1408 1576 1476 quoque
1592 1391 1722 1475 linguas
1740 1392 1806 1457 huc
1827 1413 1932 1477 usque
1948 1403 2008 1455 aut

288 1499 291 1511 ’
323 1501 435 1568 minus
456 1507 601 1590 cognitas
625 1519 684 1579 aut
703 1492 842 1573 omnino
867 1529 937 1571 non
958 1490 1180 1572 consideratas
1202 1503 1386 1568 accuratius
1409 1484 1626 1570 excussisscnt
1645 1506 1800 1594 interque
1814 1530 1850 1570 se
1865 1516 2007 1570 conten·

135 1667 137 1674 t
222 1663 229 1679 ,
324 1613 465 1703 dissent,
496 1623 669 1708 paullatim
692 1623 756 1687 sibi
774 1633 1029 1708 persuaserunt,
1057 1621 1207 1704 linguam
1230 1641 1400 1704 graecam,
1428 1620 1586 1705 latinam,
1615 1643 1827 1706 germanam,
1850 1619 2010 1701 letticam,

322 1730 497 1827 clavicam,
527 1737 712 1826 persicam,
736 1760 774 1803 ac
795 1737 867 1803 fere
889 1761 1005 1803 omnes
1028 1736 1106 1800 inde
1130 1758 1148 1800 a
1165 1735 1294 1819 Gangis
1313 1733 1480 1799 littoribus
1505 1757 1609 1820 usque
1626 1737 1668 1801 ad
1684 1761 1777 1803 mare
1793 1720 2005 1819 Atlanticum

321 1861 470 1935 repertas
491 1854 697 1939 cognationis
718 1853 810 1918 inter
830 1876 865 1917 se
884 1854 1020 1918 vinculo
1036 1849 1199 1916 contineri
1218 1849 1304 1913 etad
1320 1871 1422 1912 unam
1439 1850 1532 1931 quasi
1547 1863 1722 1935 parentem
1739 1863 1838 1936 utque
1853 1851 2005 1915 omnium

320 1965 578 2049 procreatricem
605 1991 675 2033 esse
699 1966 902 2032 referendas.
952 1967 1070 2050 Quum
1097 1987 1181 2029 vero
1210 1975 1301 2026 recte
1328 1961 1570 2046 intelligerent,
1605 1964 1690 2028 hanc
1715 1967 1908 2055 linguarum
1936 1966 2008 2031 mi·

320 2098 395 2143 ram
416 2080 505 2147 inter
531 2105 568 2149 se
586 2080 850 2161 similitudinem
878 2104 949 2146 non
969 2092 1097 2145 temere
1124 2099 1233 2162 neque
1254 2099 1332 2141 casu
1355 2076 1438 2139 oriri
1460 2077 1625 2162 potuisse,
1648 2092 1852 2165 statuerunt,
1879 2080 2009 2148 sivein

321 2188 545 2263 Casobmirlae
566 2194 719 2262 confiniis
741 2197 814 2263 sive
835 2195 872 2260 in
893 2196 957 2261 alia
979 2214 1175 2282 quacunque
1190 2191 1290 2257 Asiae
1312 2189 1451 2275 regione
1473 2197 1679 2277 temporibus
1695 2197 1942 2282 remotissimis,
1966 2197 2009 2264 de

321 2308 440 2392 quibus
463 2311 547 2378 nihil
569 2322 655 2377 esset
676 2310 849 2399 proditum
870 2311 1072 2392 memoriae,
1105 2309 1269 2396 populum
1294 2304 1461 2393 quendam
1484 2304 1700 2395 habitavisse,
1727 2311 1894 2396 aolingua
1908 2334 2008 2377 usum

320 2444 411 2508 esse,
439 2446 523 2510 quae
544 2446 678 2506 earum,
709 2449 789 2513 quas
808 2426 901 2490 inter
922 2448 958 2491 se
977 2437 1133 2512 cognatas
1146 2447 1215 2488 esse
1228 2433 1487 2509 perspexerant,
1513 2425 1606 2505 quasi
1622 2438 1728 2492 mater
1744 2439 1828 2492 esset
1845 2426 2007 2492 habenda.

319 2536 389 2603 Hic
417 2542 508 2609 enim
529 2543 696 2631 populus,
734 2562 839 2626 quum
866 2524 1061 2629 aliquandiu
1081 2540 1118 2606 in
1139 2538 1258 2629 primis
1282 2537 1351 2602 istis
1370 2537 1503 2601 sedibus
1528 2540 1723 2606 coniunctus
1747 2543 1906 2627 vixisset,
1933 2544 2008 2610 sivo

319 2669 525 2725 accrescente
544 2659 724 2726 bominum
741 2658 957 2724 multitudine
976 2657 1049 2723 sive
1072 2657 1146 2722 aliis
1164 2656 1264 2720 rebus
1288 2667 1419 2719 coactus
1435 2676 1488 2719 eas
1503 2654 1654 2739 reliquit,
1678 2680 1715 2722 ao
1732 2659 1856 2746 partim
1870 2672 2008 2747 septen÷

240 2784 247 2795 ‘
319 2770 448 2836 triones
465 2795 599 2857 versus,
627 2774 751 2863 partim
770 2776 808 2840 in
825 2773 1055 2859 occidentem,
1083 2770 1208 2860 partim
1228 2771 1388 2834 aliorsum
1408 2769 1582 2854 migravit,
1609 2782 1707 2855 atque
1730 2772 1775 2838 ita
1798 2773 1948 2839 diversae
1962 2799 2006 2845 ex

320 2907 361 2951 eo
382 2888 533 2954 nationes
556 2904 761 2958 nataesunt.
806 2891 884 2955 Hae
917 2890 1069 2954 nationes
1100 2886 1252 2975 quamvis
1280 2885 1421 2953 eandem
1443 2887 1612 2971 linguam,
1644 2911 1709 2973 qua
1731 2889 1906 2977 inprimis
1926 2913 2007 2958 usae

321 2998 457 3071 fuerant
476 3004 609 3070 sedibus
632 3005 718 3086 suis,
748 3004 849 3069 etiam
871 3015 960 3085 tum,
979 3026 1084 3090 quum
1106 3004 1209 3068 exiis
1227 3002 1392 3082 exissent,
1416 3001 1615 3083 retinerent,
1640 3013 1750 3067 tamen
1766 3028 1840 3068 eam
1856 3018 2007 3093 tempore

224 3104 231 3111 ’
297 3117 557 3202 ‘progrediente
569 3097 743 3208 paullatim
759 3119 967 3184 multimodis
986 3118 1159 3183 immutari
1172 3140 1303 3183 necesse
1315 3115 1389 3182 luit.
1430 3117 1521 3181 Nam
1535 3117 1642 3202 longis
1656 3118 1830 3184 itineribus
1846 3122 2008 3209 terrisque

249 3232 254 3239 ’
322 3229 508 3300 disiunctae
537 3235 621 3302 aliae
645 3236 790 3301 aliorum
817 3234 1059 3301 vocabulorum
1084 3256 1206 3300 sonum
1221 3244 1289 3337 'aut
1307 3231 1585 3318 significationem
1606 3249 1915 3322 commutaverunt,
1943 3240 2008 3306 alia

323 3346 427 3415 verba
447 3349 622 3436 paullatim
642 3352 846 3433 amiserunt,
874 3351 941 3416 alia
963 3348 1126 3437 denique,
1147 3360 1248 3438 prout
1267 3350 1352 3414 ratio
1374 3360 1474 3434 atque
1491 3372 1568 3414 usus
1590 3349 1767 3436 flagitavit,
1792 3350 2007 3426 invenerunt.
2030 3354 2032 3357 ’

323 3461 373 3529 lta
394 3461 518 3530 iactum
542 3478 609 3550 est,
631 3478 669 3532 ut
689 3467 752 3534 bae
773 3466 911 3553 linguae
933 3465 1063 3531 variam
1078 3465 1214 3551 quidem
1235 3463 1361 3530 faciem
1372 3463 1512 3531 babeant
1527 3477 1559 3531 et
1575 3466 1689 3532 multis
1703 3466 1740 3532 in
1752 3470 1851 3535 rebus
1867 3470 1956 3536 inter
1965 3496 2006 3538 se

227 3568 235 3575 ’
325 3576 496 3665 differam,
516 3580 574 3647 aed
589 3595 720 3666 tamen,
742 3582 773 3647 si
789 3581 976 3649 accuratius
987 3600 1041 3646 eas
1055 3583 1143 3648 inter
1154 3606 1190 3647 se
1206 3582 1473 3669 comparaveris,
1506 3593 1539 3648 et
1551 3581 1645 3667 quasi
1661 3582 1697 3647 in
1717 3582 1870 3648 intimam
1887 3608 2004 3652 earum

324 3705 478 3763 naturam
497 3708 598 3786 etque
616 3698 765 3766 indolem
788 3699 985 3785 intraveris,
1008 3722 1063 3766 eas
1079 3699 1264 3766 arctissimo
1280 3697 1484 3785 cognationis
1501 3697 1636 3763 vinculo
1653 3698 1817 3763 contineri
1832 3715 2004 3788 appareat.

326 3810 377 3876 Ita
394 3813 502 3897 quiin
517 3837 585 3881 una
598 3814 698 3881 domo
713 3814 783 3881 nati
797 3829 876 3882 sunt
891 3826 924 3882 et
939 3813 1087 3899 educati,
1109 3816 1263 3903 quamvis
1279 3815 1411 3880 diversa
1428 3814 1516 3880 vitae
1532 3835 1653 3900 genera
1665 3826 1867 3898 sequantur,
1893 3828 2007 3884 tamen

326 3928 494 4013 quandem
513 3930 602 3997 inter
623 3953 660 3997 se
679 3931 933 3999 similitudinem
954 3932 1100 3999 retinere
1123 3934 1241 3999 solent.
1290 3933 1387 3999 Haec
1412 3943 1524 3998 autem
1548 3930 1739 4016 linguarum
1763 3931 1945 3996 similitudo
1965 3959 2005 4000 co

329 4044 435 4131 magis
457 4046 493 4112 in
512 4047 626 4115 oculos
645 4047 802 4131 incurrit,
830 4069 897 4136 quo
912 4059 970 4114 aut
988 4048 1174 4116 vetustiora
1186 4049 1376 4136 linguarum
1392 4058 1610 4112 monumenta
1622 4046 1711 4112 inter
1725 4070 1761 4111 se
1774 4044 2007 4136 conferuntur,

330 4173 388 4231 aut
409 4182 477 4248 quo
492 4164 682 4250 religiosius
691 4141 790 4252 atque
804 4163 951 4232 tenacius
962 4165 1107 4255 populus
1122 4165 1254 4252 linguae
1268 4165 1497 4249 antiquitatem
1514 4163 1628 4229 coluit.
1671 4161 1749 4246 Quo
1763 4161 1798 4224 in
1812 4181 1934 4245 genere
1950 4166 2007 4232 in-

330 4280 448 4368 primis
469 4279 546 4345 ludi
566 4283 752 4364 excellunt,
781 4282 839 4368 qui
859 4303 965 4369 quum
987 4283 1023 4350 in
1047 4283 1120 4349 aliis
1145 4284 1262 4367 rebus,
1283 4293 1357 4347 tum
1373 4281 1409 4345 in
1429 4280 1522 4345 omni
1537 4280 1651 4364 lingua
1664 4275 1892 4358 antiquitatem
1909 4285 2006 4348 tutati

249 4484 253 4489 ι
328 4407 416 4463 sunt.
461 4396 565 4462 Cuius
582 4394 634 4460 rei
655 4418 802 4461 caussam
817 4399 904 4463 hanc
920 4421 990 4466 ease
1003 4400 1166 4485 arbitror,
1196 4398 1319 4486 quode
1335 4396 1483 4486 pristinis
1495 4394 1562 4458 suis
1576 4390 1708 4457 sedibus
1721 4387 1817 4455 facile
1831 4415 1869 4457 ao
1883 4395 1950 4460 cito
1964 4398 2005 4462 ad

332 4511 460 4600 Gangis
477 4511 586 4601 ripas,
607 4534 700 4580 nova
719 4533 783 4581 sua
801 4510 984 4607 domicilia,
1015 4529 1245 4606 pervenerunt
1263 4524 1297 4581 et
1315 4532 1435 4599 magne
1451 4533 1495 4578 ex
1506 4519 1606 4600 parte
1619 4505 1784 4594 integram
1799 4518 1831 4573 et
1847 4510 2003 4577 incorru-

51 4918 329 5104 »Α
