4320 5414
129 489 132 496 .
184 536 186 545 ’
224 570 230 577 ·
333 587 343 601 .
376 527 516 598 Ariston
542 524 653 595 Ethic.
676 523 727 609 V,
757 526 794 607 2,
827 523 855 606 §.
883 522 914 590 4.
949 520 1004 589 ed.
1032 519 1211 591 cadweli.
1246 520 1289 589 El
1317 515 1337 587 d
1361 521 1418 604 μὲν
1447 524 1504 624 τοῦ
1532 520 1698 606 κερδαίνειν
1727 510 1818 594 deren
1839 528 1993 612 ,μοιχείην
2008 533 2066 596 καὶ

257 629 267 644 ’
375 645 634 731 προςλομβάνοιν,
659 639 750 725 ὅδὲ,
774 643 953 728 operemur
974 642 1028 706 καὶ
1048 640 1243 736 ζημιούμενος
1264 635 1303 706 δι’
1321 637 1510 722 ἐπιθυμίαν,
1541 631 1660 714 οὗτος
1682 641 1738 722 μὶν
1756 639 1928 722 οἰνόλοοιος
1949 646 2072 729 portm-

376 763 459 839 ὃόξει
478 753 560 828 εἶναι
576 759 596 840 ἢ
613 760 808 838 πλεονέκτης·
851 757 1006 834 ἐκεῖνος
1034 754 1070 825 δ’
1098 753 1221 838 ἄδικος,
1249 752 1418 834 ἀκόλαστος
1437 760 1460 823 t
1463 753 1473 783 ²
1492 753 1539 822 od.
1582 758 1673 834 δῆλον
1686 754 1769 840 ἆρα,
1787 758 1839 826 du
1860 755 1910 828 ded
1932 757 1969 829 td
1989 783 2066 847 κερ·

378 880 503 945 ὁοίνειν.
546 871 600 941 Cf.
629 873 718 965 apud
745 872 844 939 eund.
867 873 931 957 ΙΙΙ,
951 877 983 957 7,
1004 877 1025 939 7
1045 909 1088 926 -
1112 874 1143 939 8.
1176 870 1304 962 v11‚4,
1322 877 1399 938 2-
1412 873 1446 938 4„
1471 868 1664 956 V111,4,'e.
1706 873 1774 938 Sed
1800 876 1864 945 alia
1887 877 2066 945 interdum

381 981 488 1060 eculin
514 991 640 1058 nostrin
666 989 904 1073 obversantur,
943 988 1007 1055 alia
1037 1001 1151 1056 mente
1177 989 1350 1057 intuemur
1381 999 1416 1056 et
1442 987 1643 1074 cogitatione
1663 992 1924 1077 perluatramue3
1957 1006 1993 1060 et
2014 992 2069 1076 ed,

381 1128 468 1196 quae
488 1107 584 1189 loco,
619 1105 751 1190 inquo
777 1126 973 1188 vereamur,
1005 1117 1085 1173 eunt
1109 1106 1286 1194 proxima,
1323 1128 1343 1173 a
1369 1103 1559 1191 cognitione
1588 1115 1623 1169 et
1649 1106 2071 1195 contemplatione-noane

381 1233 462 1290 eunt
484 1220 603 1290 aliena.
647 1220 765 1305 Quare
786 1220 876 1311 apud
898 1220 1047 1290 Graecoe
1066 1222 1134 1290 loci
1154 1221 1389 1310 reperiuntur,
1412 1221 1448 1285 in
1470 1219 1591 1305 quibua
1613 1243 1672 1301 ea,
1692 1236 1778 1306 quae
1793 1244 1813 1288 a
1831 1223 1927 1309 loco,
1945 1223 1984 1290 'in
2000 1247 2070 1312 qno
2137 1292 2140 1297 ,

380 1341 521 1428 loquens
544 1349 712 1421 vereatur,
739 1336 891 1424 longiore
916 1337 1097 1406 intervallo
1126 1321 1205 1406 aunt
1225 1338 1391 1419 seiuncta,
1422 1357 1485 1425 per
1505 1329 1596 1413 οὗτος
1613 1357 1806 1424 pronomen
1823 1339 2069 1426 aignificantur,

381 1466 499 1542 utpote
520 1453 611 1542 qnod
633 1476 674 1520 ea
690 1452 728 1520 in
751 1453 921 1540 loquentis
938 1467 1053 1522 mente
1074 1467 1106 1522 et
1119 1456 1233 1522 animo
1248 1467 1327 1520 eunt
1340 1452 1492 1542 potiora3
1515 1475 1555 1520 ea
1569 1463 1699 1538 antem,
1721 1472 1808 1539 quae
1822 1454 1972 1544 loquenti
1985 1477 2069 1545 pro-

335 1586 339 1595 ·
383 1569 657 1651 ximavidentur
677 1593 764 1654 esee,
787 1593 849 1659 per
862 1570 976 1649 ἐκεῖνος
990 1571 1184 1638 efferuntur.
1225 1569 1318 1638 Huic
1333 1587 1468 1656 quoqne
1479 1568 1694 1658 pronomini,
1716 1582 1755 1634 nt
1767 1569 1838 1637 eiua
1853 1571 1906 1636 via
1920 1571 2070 1661 demon*

350 1735 360 1754 .
384 1686 523 1755 etrativa
544 1696 722 1771 augeatur,
751 1685 923 1752 interdum
946 1686 1126 1770 redditur,
1155 1709 1222 1774 quo
1238 1683 1278 1751 fit
1293 1682 1439 1766 ἐκεινοσί,
1466 1685 1557 1768 quod
1578 1683 1671 1773 apud
1683 1682 1949 1775 Aristophanem
1965 1700 2070 1774 atque
2130 1736 2134 1743 -

383 1802 575 1870 Lucienum
588 1823 688 1888 saepe
702 1801 880 1888 reperitur.
924 1802 1035 1868 Huius
1049 1802 1185 1889 quidem
1198 1801 1410 1890 pronominis
1424 1811 1568 1885 quatuor
1580 1811 1660 1867 eunt
1674 1798 1823 1869 formae:
1844 1801 1977 1882 ἐκεῖνος’,
1999 1813 2068 1870 κεῖ-

384 1944 456 1999 οος,
478 1898 569 1995 κ’ἤνος
585 1927 617 1980 et
629 1922 728 1994 τῆνος.
759 1922 868 1994 Ketion
883 1917 1006 1984 ionum
1021 1918 1143 1983 dicitur
1157 1939 1244 1998 eeee;
1267 1917 1381 1994 ἐκεῖνος
1395 1916 1610 2002 Atticorum,
1631 1935 1823 2002 quanquam
1836 1917 1948 2010 ἐκεῖνος
1963 1921 2069 1987 etiam

385 2035 477 2125 'apud
489 2033 680 2100 Homerum
695 2040 729 2098 ¹et
740 2043 838 2111 κεῖνος
851 2033 940 2121 apud
954 2035 1098 2121 tragicos
1112 2034 1228 2122 politae
1245 2044 1356 2115 extat3
1377 2040 1467 2114 κῆνος
1486 2031 1629 2099 Aeolum
1645 2045 1697 2097 eat
1712 2044 1745 2099 et
1756 2032 1794 2098 in
1809 2033 1963 2122 Sapphua
1978 2048 2070 2122 quo·

385 2153 466 2220 dam
485 2147 684 2236 fragmento,
708 2147 798 2232 quod
812 2148 1014 2238 Apollonius
1026 2151 1189 2238 Dyscolna
1203 2150 1238 2214 in
1251 2149 1338 2215 libro
1353 2149 1395 2215 de
1410 2151 1569 2216 Pronom.
1589 2169 1623 2235 p.
1636 2151 1708 2216 866.
1726 2165 1986 2232 commemorat,
2008 2174 2069 2244 re·

385 2244 536 2357 periture
562 2269 651 2340 τῆνος
675 2262 827 2329 doricum
848 2288 948 2359 saepe
968 2266 1056 2354 apud
1082 2266 1304 2332 Theocritum
1323 2265 1455 2351 legitur.
1501 2262 1681 2349 Quomodo
1698 2277 1815 2330 antem
1834 2265 1900 2330 hae
1918 2263 2068 2349 formae,

385 2404 432 2449 ex
452 2400 520 2444 nna
540 2376 650 2444 radice
670 2371 872 2467 prognatae,
891 2381 982 2448 inter
997 2404 1034 2449 ee
1054 2367 1270 2466 colmereant,
1291 2384 1320 2465 §.
1334 2387 1364 2451 7.
1380 2386 1412 2463 2,
1426 2382 1457 2446 b.
1477 2392 1528 2446 eet
1540 2376 1764 2466 explicatum,
1782 2400 1930 2447 comona
1943 2380 2068 2449 alia'in

387 2498 454 2566 alia
473 2492 615 2562 dialecto
635 2516 699 2583 pro
715 2496 916 2586 primigenia
935 2497 1046 2565 littera
1066 2508 1117 2564 eet
1138 2496 1271 2565 adscita.
1314 2521 1345 2580 e,
1365 2495 1454 2581 quod
1469 2495 1560 2584 apud
1572 2493 1673 2561 Ionae
1683 2507 1719 2560 et
1731 2495 1862 2562 Atticos
1873 2495 2069 2583 nociprae-
2110 2491 2113 2495 ’

384 2614 542 2708 ponitur,
564 2611 686 2678 Graeci
706 2611 770 2702 ipsi
788 2611 1007 2699 addiderunt,
1029 2613 1080 2681 uti
1100 2616 1129 2697 §.
1144 2615 1221 2711 42⁸¹
1242 2636 1300 2681 eoa
1320 2611 1437 2680 fecieee
1455 2609 1614 2678 vidimus.
1656 2634 1684 2679 οι
1696 2622 1731 2676 et
1744 2638 1762 2690 η
1776 2611 1973 2703 diphthongi
1987 2633 2070 2696 exe,

384 2727 609 2822 primigeniae
621 2728 744 2794 vocalis
759 2728 990 2816 productione,
1009 2743 1105 2798 ortae
1118 2744 1206 2797 eunt.
1250 2759 1269 2798 ν
1287 2741 1401 2797 autem
1413 2730 1524 2796 littera
1536 2726 1578 2792 ad
1591 2726 1739 2793 radicem
1749 2750 1820 2795 non
1835 2728 1989 2816 pertinet,
2013 2729 2068 2795 uti

386 2872 407 2914 e
428 2841 575 2933 cognatis
599 2843 764 2912 adverbiis
782 2843 860 2928 ἐκεῖ,
879 2845 1017 2927 ἐκεῖθεν,
1037 2822 1152 2930 ἔνετοι,
1172 2848 1272 2916 ἐκεῖθι
1294 2856 1456 2937 apparet,
1476 2828 1535 2914 aed
1556 2839 1789 2910 declinationis
1803 2856 1936 2912 tantum
1949 2865 2068 2912 cauaaa

384 2965 511 3033 inserta
526 2973 593 3043 eet,
615 2960 706 3047 quod
723 2960 823 3025 etiem
838 2961 875 3026 in
890 2965 951 3043 τίς,
969 2965 1051 3039 τινός
1067 2946 1279 3051 pronominis
1295 2960 1519 3027 declinatione
1531 2957 1658 3026 iactum
1671 2980 1742 3024 esee
1755 2972 1892 3027 constet.

490 3080 524 3155 ὅ)
542 3071 578 3157 o‘,
597 3073 634 3156 ἦ,
653 3070 690 3141 ut
711 3079 794 3142 δεῖνα
813 3076 986 3144 hominem
1006 3079 1080 3147 eive
1100 3101 1173 3145 rern
1195 3076 1375 3166 significat,
1403 3070 1498 3141 cuiue
1516 3086 1640 3140 certam
1664 3072 1801 3159 quidem
1822 3084 1858 3141 et
1876 3074 2068 3146 absolutam

385 3193 562 3265 notionem
584 3189 700 3257 animo
722 3193 954 3283 concepimus,
974 3196 1069 3263 ouius
1088 3219 1173 3263 vero
1195 3216 1323 3263 nomen
1344 3203 1409 3259 aut
1423 3213 1494 3258 nen
1508 3210 1685 3279 possumne
1702 3190 1877 3258 enuntiare
1888 3203 1947 3257 aut
1962 3193 2068 3258 nolu·

348 3388 350 3393 .
386 3333 473 3379 mua.
516 3308 567 3374 Ee
582 3327 653 3374 vox
665 3309 753 3397 apud
770 3309 887 3397 poetae
902 3333 973 3377 non
989 3313 1176 3401 reperitur,
1201 3330 1312 3395 neque
1326 3307 1416 3397 apud
1430 3307 1644 3378 Herodotum
1658 3326 1768 3393 neque
1780 3308 1871 3397 apud
1888 3307 2069 3393 Thucydi-

387 3423 522 3496 demin
547 3445 611 3489 nen
632 3433 699 3510 eat,
727 3423 786 3491 aed
804 3424 884 3490 inde
904 3425 1140 3496 aPlatonia‘et
1162 3424 1399 3501 Demoathenia
1417 3433 1524 3491 aetate
1548 3423 1588 3491 in·
1611 3443 1712 3510 proca
1731 3424 1886 3492 oratione
1908 3425 2074 3514 usurpari

386 3542 509 3632 coepit.
551 3540 606 3607 De
621 3540 721 3607 hniue
733 3541 831 3607 verbi
843 3541 973 3629 origine
988 3544 1073 3610 nihil
1088 3543 1252 3634 comperti
1265 3544 1446 3622 habemur,
1468 3554 1578 3625 neque
1589 3527 1798 3625 quidquam,
1821 3539 1910 3627 quod
1926 3539 2069 3628 proberi

385 3658 508 3752 poerit,
530 3679 550 3723 a
564 3656 646 3722 viris
662 3656 767 3723 doctie
780 3657 821 3724 de
835 3679 875 3724 ea
890 3669 938 3724 eat
950 3661 1151 3751 exporitnm.
1194 3661 1364 3728 Henricne
1375 3654 1562 3746 Stephanae
1575 3678 1603 3724 a.
1621 3655 1657 3722 h,
1667 3666 1711 3720 'v.
1733 3655 1796 3720 hoe
1810 3676 2003 3743 pronomen
2018 3677 2068 3723 ex

385 3778 438 3848 ὅδε
451 3772 617 3862 originem
632 3772 765 3839 trahere
777 3773 921 3862 putarit,
944 3795 1044 3862 quam
1060 3745 1371 3844 sententiametiam
1385 3768 1593 3866 grammatici
1607 3770 1744 3857 quidem
1756 3768 1887 3837 vetere'a
1893 3771 2069 3838 tenebant.
2143 3824 2146 3831 .

388 3891 442 3960 cf.
456 3891 571 3979 Etym.
581 3887 698 3974 Magn·
718 3910 752 3978 p.
767 3890 843 3955 614.
863 3890 951 3959 too.
983 3892 1026 3961 Oi
1043 3888 1104 3980 γὰρ
1121 3892 1279 3980 λέγοντος,
1299 3893 1349 3962 ὅτι
1367 3896 1425 3979 μία
1445 3891 1525 3968 λέξις
1547 3887 1657 3968 keten·
1670 3890 1829 3974 λύγοισιν,
1850 3882 1996 3970 &renecti
2008 3885 2069 3967 τήν

386 3986 440 4075 ilde
457 3984 651 4092 inuenietur
670 4006 794 4093 γέγονεν
814 4002 834 4073 ot
854 4010 939 4074 δὲἳνιι
958 4014 1011 4077 καὶ
1033 4009 1067 4077 ἓν
1084 4005 1291 4098 cruarniperti
1303 4013 1394 4077 δεῖνα.
1436 4006 1592 4076 Alteram
1604 4002 1759 4071 vocabuli
1775 4005 1967 4093 patiemim
1979 4022 2078 4093 ease,
2149 4044 2152 4059 ·

388 4122 494 4215 poesia
514 4121 689 4189 coniicere.
732 4122 825 4188 Nam
841 4123 895 4189 ‘ten
909 4124 986 4209 uti,
1007 4147 1084 4192 cum
1101 4125 1153 4195 aa
1167 4126 1411 4216 comperitum,
1433 4121 1632 4191 sententiam
1647 4115 1832 4186 efficitnon
1843 4120 2012 4209 ineptam,
2035 4123 2072 4188 ie

389 4240 462 4306 sive
483 4234 539 4299 hio
558 4233 632 4318 ubi3
653 4237 711 4306 aed
731 4237 760 4304 si
781 4238 865 4313 haec
884 4240 985 4309 haine
1006 4242 1102 4310 verbi
1121 4243 1216 4330 origo
1236 4255 1338 4329 earet,
1360 4238 1467 4322 ὅδίνο,
1488 4260 1562 4306 non·
1575 4235 1694 4319 ὁδεῒνα,
1714 4236 1877 4320 oriretur,
1899 4259 1981 4319 neo,
2003 4258 2070 4309 cur

388 4351 510 4423 Graeci
530 4350 613 4416 haec
629 4353 732 4417 verba
751 4354 788 4420 in
808 4353 828 4422 d
846 4361 956 4440 δεῖνα,
968 4364 1025 4426 τοῦ
1045 4362 1141 4435 δεῖνος
1156 4357 1409 4441 dieiunxiaeent,
1428 4368 1541 4444 poaeet
1557 4353 1710 4440 intelligi.
1753 4350 1869 4438 Quare
1880 4351 1972 4419 hand
1983 4353 2068 4435 ecio,

389 4496 451 4557 an,
479 4466 568 4559 qnod
590 4486 652 4555 ego
667 4462 899 4556 proposituru'e
919 4475 1000 4561 aim,
1028 4470 1133 4563 magia
1145 4475 1319 4565 probabile
1330 4471 1484 4541 videatur
1500 4491 1581 4537 eree.
1626 4466 1756 4569 Omnia
1772 4468 1955 4556 adverbia,
1977 4489 2071 4554 quae

1111 4611 1114 4614 ·
2002 4583 2071 4652 de-
