4320 5414
219 354 275 446 tn

224 554 469 660 pronominum
481 543 704 616 declinatione
715 535 881 628 mapale
899 522 1156 626 (ct'§.1e.)·'-
1187 528 1473 626 Eie,'quanquctu
1487 525 1732 614 eiuauolio'ita
1744 555 1795 617 er·
1806 566 1904 620 com·
1934 594 1937 599 -

225 687 360 774 parata,
385 650 428 740 ut
442 691 463 735 u
475 662 648 734 nonnullis
663 659 745 725 haec
764 678 835 721 vox
855 653 900 721 eit
917 653 1007 720 inter
1026 653 1231 742 pronomina
1251 655 1374 738 relata,
1402 665 1519 723 temen
1540 655 1760 748 tribulabat,
1783 686 1851 754 qno
1864 668 1906 741 ad

226 787 473 890 pronominum
487 776 743 847 declinationem
757 771 902 839 accedat.
944 770 982 836 N
983 792 1036 836 am
1051 775 1155 857 ἕτερος
1168 793 1238 839 uon
1255 794 1298 837 ex
1312 773 1374 851 ale,
1394 769 1454 837 eed
1472 793 1516 838 ex
1529 767 1569 841 Ἰ
1577 781 1780 862 pronomine
1795 795 1932 857 ortum,

226 935 298 982 ecee
312 905 425 975 credo.
442 894 559 983 (§.15.)
586 891 670 959 Alia
684 900 796 959 autem
811 910 884 956 vox
894 887 1020 969 nativa,
1039 908 1136 974 aqua
1148 887 1298 955 derivata
1312 884 1479 974 quaedam
1495 888 1600 956 verba
1612 890 1648 956 iu
1661 891 1774 981 lingna
1788 919 1913 984 graeca

183 1086 190 1095 ,
227 1038 324 1107 aunt,
345 1043 415 1089 non
436 1028 487 1082 eet
502 1012 557 1078 hic
578 1006 833 1098 praetereunda.
876 1003 983 1094 Apud
1005 1002 1106 1069 lndoa
1125 1005 1217 1071 enim
1236 1000 1354 1082 aecae,
1380 1014 1419 1083 ἃ,
1441 1025 1519 1084 am,
1541 1026 1645 1088 unere,
1666 1010 1708 1092 α’,
1730 1032 1790 1076 um
1805 1013 1913 1099 rigni.

229 1143 325 1220 ficat3
352 1156 396 1202 ex
418 1129 535 1197 eadem
562 1124 673 1191 radice
694 1121 858 1190 vocabula
879 1141 999 1207 graece
1018 1112 1105 1199 ἑκάς,
1131 1125 1259 1198 ἕκαθεν,
1287 1111 1431 1202 ἑκάτερος
1451 1130 1485 1202 et
1504 1125 1635 1198 ἕκαστος
1659 1123 1815 1213 profectu
1842 1148 1914 1194 ecce

226 1249 439 1324 crediderim·
480 1242 653 1312 Nimirum
675 1239 775 1305 huiua
793 1236 889 1304 verbi
907 1233 1108 1325 eigaifiretio
1129 1235 1177 1301 itn
1198 1246 1329 1301 mutata
1349 1244 1419 1320 eet,
1440 1246 1497 1320 ut,
1519 1258 1606 1323 quae
1625 1239 1761 1308 unitatis
1774 1243 1916 1311 notione

229 1361 535 1459 comprehendatur
560 1353 780 1423 distinctionis
806 1365 841 1419 et
864 1350 1097 1417 disiunctionie
1118 1351 1231 1434 notio,
1265 1374 1306 1418 ea
1333 1351 1423 1441 apud
1446 1349 1594 1420 Graecos
1613 1355 1776 1444 primaria
1795 1359 1831 1425 in
1850 1359 1915 1426 hoe

229 1488 334 1557 verbo
356 1480 458 1547 fuisse
473 1474 641 1541 videatur.
685 1470 799 1559 Atque
814 1460 903 1545 ἑκάς,
924 1472 1037 1534 ἕκαθει
1045 1467 1185 1554 procul,
1206 1461 1351 1556 indtapoe
1365 1468 1574 1556 umequique
1588 1467 1632 1534 de
1647 1469 1794 1554 duodus,
1816 1472 1915 1563 iaque

230 1603 399 1671 eeiuuctua
415 1593 457 1659 ab
471 1592 595 1670 altero,
617 1592 745 1661 ἕκαστος
758 1584 983 1672 unucquieque
993 1581 1034 1647 de
1042 1581 1224 1670 pluribus,
1242 1583 1336 1670 isque
1353 1584 1521 1650 eeiunctue
1536 1607 1556 1650 a
1571 1585 1704 1671 ceteris,
1727 1587 1783 1676 (ci.
1797 1590 1826 1670 §.
1845 1589 1914 1673 16.)

231 1713 432 1807 significant·
476 1708 597 1793 Neque
619 1702 766 1768 Graecos
787 1722 865 1767 cum
887 1698 1016 1788 spiritu⁴
1032 1721 1169 1787 aspero,
1198 1721 1299 1787 quem
1321 1700 1397 1766 lndi
1418 1722 1488 1765 non
1512 1699 1654 1786 hebent,
1684 1702 1749 1768 hoo
1768 1703 1914 1768 verbum

232 1829 415 1921 aeripeieae,
436 1820 628 1887 mirandum
645 1828 707 1884 eet.
750 1816 786 1881 N
788 1837 841 1883 am
857 1816 970 1906 plures
984 1815 1171 1903 reperimus
1185 1837 1303 1898 vocee,
1324 1815 1361 1881 in
1376 1814 1495 1902 quibus
1510 1814 1631 1881 Graeci
1645 1818 1800 1905 spiritum
1816 1840 1917 1909 arpe-

232 1971 330 2028 rum,
353 1962 452 2032 quem
469 1938 602 2024 linguae
621 1942 781 2019 cognatae
796 1932 954 2019 spiritum
969 1954 1039 1997 uon
1055 1928 1197 2016 habent,
1218 1929 1429 1998 addiderunt.
1472 1930 1526 1996 De
1539 1939 1636 2009 ἵππος
1650 1944 1684 2000 et
1700 1937 1801 2013 ἴκκὸς,
1822 1933 1916 2019 quod

232 2086 311 2134 cum
341 2079 460 2140 apocr,
489 2051 601 2118 indica
622 2071 725 2131 voce,
751 2057 787 2113 et
807 2068 913 2134 equue
935 2045 1105 2129 congruit,
1134 2068 1236 2135 cupra
1257 2057 1308 2111 eet
1328 2046 1473 2128 dictum3
1503 2047 1620 2114 confer
1638 2063 1814 2138 praeterea
1835 2052 1917 2125 ritu,

233 2181 336 2256 ertio,
355 2172 470 2250 volvo,
490 2180 523 2235 et
537 2169 608 2242 ἕλιξ,
629 2167 757 2242 ilicem
777 2176 810 2229 et
831 2163 876 2238 ele
890 2184 968 2228 cum
982 2161 1113 2249 gothico
1128 2161 1205 2226 (line
1220 2174 1253 2226 et
1267 2184 1362 2228 renue.
1384 2196 1430 2211 —
1470 2163 1587 2229 Tertio
1603 2165 1676 2230 loco
1691 2160 1781 2241 ἄλλος
1794 2187 1917 2232 vocem
1939 2175 1943 2180 '

234 2313 370 2365 necesse
390 2296 439 2351 est
460 2301 763 2348 commemoremus
770 2327 781 2362 ,
802 2277 896 2343 cuius
912 2288 1069 2343 neutrum
1088 2273 1175 2354 ἄλλο,
1198 2298 1214 2342 a
1232 2277 1369 2343 Graecis
1383 2278 1445 2343 hoc
1463 2278 1499 2343 in
1512 2281 1752 2367 pronominum
1768 2302 1916 2346 numero

136 2444 140 2451 ·
237 2432 308 2482 aee
322 2402 496 2484 habitum,
516 2395 594 2462 eatis
616 2393 819 2460 testificatur.
862 2394 920 2458 Ex
942 2414 980 2457 ea
995 2415 1080 2457 voce
1095 2373 1249 2472 duilon,
1269 2385 1411 2473 ἀλλήλοις
1426 2405 1487 2459 etc.
1506 2415 1575 2460 eece
1588 2393 1735 2477 lactum,
1757 2417 1833 2460 cum
1849 2416 1916 2483 per
2007 2364 2012 2372 ι

236 2553 272 2597 ee
285 2532 413 2614 pateat,
435 2525 509 2579 tum
525 2509 689 2577 Indorum
710 2509 825 2597 lingua
839 2508 1087 2597 comprobatur.
1130 2508 1222 2575 Nam
1236 2530 1280 2574 ex
1295 2507 1400 2594 anjae
1414 2521 1447 2574 et
1456 2531 1585 2596 poree,
1604 2533 1691 2599 quae
1704 2511 1794 2576 alim
1806 2509 1918 2600 tigni·

165 2712 169 2723 ,
237 2622 364 2720 ἧεαιιῑ,’
382 2633 434 2699 illi
453 2625 603 2715 anjonja
624 2635 660 2711 et
672 2645 871 2712 paraepora
891 2623 1146 2707 formaverunt,
1167 2644 1206 2688 ec
1228 2623 1339 2712 prima
1354 2624 1489 2708 quidem
1504 2627 1627 2694 horum
1641 2630 1919 2717 verborum'purc

239 2771 288 2830 eet
302 2744 530 2820 nominativus
545 2740 720 2806 masculini
741 2739 872 2827 generis
888 2751 920 2804 et
935 2762 998 2829 pro
1020 2738 1113 2804 omni
1127 2760 1271 2804 numero
1285 2753 1484 2826 usurpatur,
1506 2742 1610 2808 altera
1627 2741 1861 2809 tantummodo
1878 2741 1919 2808 in

241 2871 368 2943 caribus
389 2857 530 2948 obliquis
543 2856 720 2944 reperitur.
762 2854 893 2921 Eodem
910 2854 1013 2921 modo
1028 2845 1163 2932 ἆλλῆλων
1177 2876 1246 2919 esee
1259 2855 1500 2942 compositum,
1522 2857 1724 2945 Sclrlegelius
1737 2859 1773 2925 iu
1788 2859 1919 2925 Biblio-

178 2990 182 2997 ’
229 2977 468 3058 ·ffieea1ndica
480 2971 755 3058 Tom.1.p.e5e.
779 2969 921 3034 monuit.
966 2970 1060 3034 Nam
1080 2969 1219 3055 proprie
1240 2965 1325 3035 ἄλλοι
1345 2966 1457 3049 ἄλλων)
1478 2968 1565 3039 ἄλλοι
1576 2971 1798 3052 ducendum
1807 2971 1921 3049 ἄλλους

241 3104 336 3171 iuxta
360 3113 431 3162 eece
457 3099 537 3154 runt
556 3084 663 3173 posita
691 3105 795 3170 eaque
816 3082 987 3175 paullatim
1010 3083 1047 3148 iu
1069 3075 1221 3161 duilon,
1250 3079 1403 3166 ἇλλᾶλοις,
1431 3081 1575 3163 vindicor
1599 3090 1805 3155 coaluerunt.
1854 3090 1923 3154 Uti

240 3223 331 3293 enim
345 3221 376 3282 cl
394 3203 516 3291 ἇδελφοὶ
536 3203 573 3268 in
593 3175 717 3286 ddelpoi
736 3211 769 3265 et
782 3192 818 3267 ed
833 3193 949 3279 ἀληθές
965 3198 1002 3264 in
1018 3199 1168 3278 rdlnde‘e,
1190 3201 1236 3267 ita
1251 3200 1333 3267 haec
1347 3204 1467 3283 verba,
1489 3206 1593 3271 altero
1608 3203 1711 3270 teoni
1726 3205 1921 3276 emolliendi

242 3354 357 3406 causer
376 3327 499 3406 eiecto,
521 3320 557 3384 in
575 3310 710 3397 ἅλλῆλων
723 3328 785 3382 etc.
806 3327 973 3381 contracta
989 3327 1083 3394 cunt3
1105 3316 1126 3381 ἃ
1145 3326 1256 3382 eutem
1271 3316 1360 3406 apud
1374 3318 1507 3384 Atticos
1529 3319 1566 3384 in
1578 3347 1599 3400 η
1613 3321 1757 3388 transiit.
1801 3323 1923 3408 Atque

129 3461 133 3468 '
242 3475 303 3524 cur
315 3452 396 3517 haec
414 3460 485 3539 vpx
498 3433 710 3502 nominativo
729 3432 772 3498 eit
788 3430 960 3515 destitute,
981 3431 1017 3497 in
1031 3443 1146 3518 aperto
1162 3443 1230 3511 eet3
1251 3432 1308 3499 ille
1320 3432 1412 3499 enim
1429 3435 1539 3501 media
1553 3435 1588 3501 in
1606 3457 1690 3502 voce
1707 3438 1805 3518 latet,
1828 3439 1924 3504 eiur-

243 3591 308 3659 que
330 3562 442 3629 forma
457 3547 685 3617 contractione
700 3547 867 3616 vocalium
884 3549 1056 3614 obscuram
1072 3557 1131 3612 eet.

345 3668 451 3767 Apud
466 3667 637 3733 Romanoa
658 3663 899 3754 pronominum
920 3663 1099 3754 peculiaris
1112 3674 1160 3729 eet
1173 3662 1361 3730 declinatio.
1406 3664 1445 3730 ln
1459 3666 1569 3733 verbis
1575 3717 1585 3750 ,
1605 3668 1663 3754 qui
1678 3691 1751 3737 eam
1769 3650 1924 3761 sequen-

243 3819 316 3883 tur,
338 3804 389 3863 est
405 3785 508 3854 aliur.
552 3780 634 3847 Eius
653 3780 738 3847 duae
759 3778 890 3845 formae
910 3790 1006 3864 eunt,
1034 3777 1127 3844 aliua
1148 3789 1182 3844 et
1205 3779 1288 3860 ulie,
1311 3801 1391 3867 quaa
1412 3780 1542 3848 flexura
1560 3796 1707 3868 tanturn,
1730 3808 1797 3853 nou
1813 3785 1926 3872 rigni-

246 3916 400 3984 ficatione
425 3897 580 3978 differre,
602 3895 785 3963 eLuoretii
797 3896 825 3979 1,
845 3898 939 3962 1108.
958 3894 1173 3980 intelligitur:

553 4013 712 4098 Namque
733 4011 821 4077 alid
848 4033 892 4078 ex
912 4012 1001 4078 alio
1023 4011 1199 4097 clarescet,
1226 4033 1288 4077 neo
1311 4011 1372 4078 tibi
1390 4033 1486 4078 caece

553 4131 638 4198 Nox
653 4129 720 4196 iter
733 4127 861 4218 eripiet

199 4304 202 4308 -
244 4260 322 4337 nra
342 4254 393 4336 v,
418 4251 509 4315 1304.

558 4362 611 4425 Sic
631 4362 719 4431 alid
747 4385 791 4429 ex
810 4360 896 4429 elio
923 4357 1056 4450 peperit
1076 4358 1242 4428 discordia
1263 4359 1374 4428 trietie.
