4320 5414
171 600 265 694 ptem
283 623 377 669 suam
396 597 613 667 hereditatem
622 646 632 684 ,
653 619 754 684 quam
769 612 910 668 amatre
925 610 1137 691 acceperant,
1164 585 1245 668 illuo
1261 602 1463 690 attulerunt,
1488 603 1570 672 dum
1586 615 1705 678 contra
1718 605 1850 702 Graeci

170 719 301 823 Latini,
324 717 449 802 aliique
469 716 606 806 populi,
626 737 684 801 qur
675 715 813 783 iisdem
827 715 960 784 sedibus
975 718 1145 804 exierant,
1166 720 1204 785 in
1217 719 1319 804 longo
1337 739 1399 784 suo
1413 718 1554 806 itinere,
1577 724 1722 795 difficili
1724 732 1851 819 migra·
1926 793 1928 798 ,

172 834 264 900 tione
285 853 427 917 auoque
434 853 510 934 cum
530 830 651 897 alienis
672 833 807 921 populis
827 833 1032 901 commercio
1054 835 1163 902 multa
1185 833 1228 901 ab
1251 834 1316 899 illis
1339 857 1431 900 nova
1443 857 1481 900 ac
1496 840 1674 927 peregrina
1686 845 1850 916 adscisce-

160 926 274 1017 luant.
294 950 420 1058 Quare
441 968 546 1034 quum
562 971 581 1013 e
595 947 718 1034 linguis
731 949 883 1036 cognatis
899 950 964 1017 alia
983 950 1025 1016 ad
1046 950 1130 1017 alius
1150 948 1387 1017 declinationes
1406 961 1440 1014 et
1462 957 1720 1051 compositiones
1736 965 1851 1054 expli
1886 1000 1888 1005 ·

170 1048 300 1143 candae
314 1087 393 1130 cum
413 1061 527 1128 fructu
550 1075 585 1129 et
610 1064 753 1130 utilitate
777 1065 928 1133 adhiberi
948 1066 1072 1156 possit,
1101 1078 1174 1132 tum
1196 1063 1268 1133 ιιοιι
1282 1088 1410 1133 mirum
1424 1077 1490 1153 est
1513 1069 1542 1134 si
1558 1072 1721 1142 Indorum
1734 1078 1850 1168 lingua

169 1168 270 1245 vetus
291 1181 364 1246 sive
379 1179 540 1275 eanscrita
560 1180 602 1246 ad
620 1195 836 1269 cognatarum
856 1184 1049 1271 linguarum
1062 1193 1219 1250 naturam
1233 1194 1267 1249 et
1280 1182 1429 1248 indolem
1444 1184 1714 1273 perspiciendam
1729 1196 1871 1271 maiori,

167 1294 267 1361 etiam
282 1297 357 1399 nani
374 1309 441 1411 ean
468 1318 569 1383 quam
584 1299 741 1366 relicuas.
789 1300 883 1366 Inter
897 1322 954 1367 eos
971 1300 1064 1367 viros
1076 1299 1212 1384 doctos,
1234 1299 1291 1386 qni
1305 1299 1398 1365 illam
1413 1297 1479 1364 iam
1496 1302 1587 1367 hunc
1600 1304 1637 1370 in
1651 1325 1750 1375 usum
1765 1332 1852 1403 con·
1882 1339 1885 1344 ·

167 1422 362 1496 verterunt,
397 1412 553 1503 princeps
571 1415 800 1482 nominandus
817 1416 1016 1484 Frdnciscus
1031 1415 1197 1507 Boppiua,
1218 1414 1296 1503 qni,
1326 1414 1495 1501 quomodo
1510 1417 1691 1505 pleraeque
1705 1406 1851 1546 linguae,

131 1595 134 1599 ,
167 1549 248 1615 quas
265 1550 369 1618 supra
391 1552 609 1601 communem
625 1531 789 1619 originem
804 1534 928 1599 habere
946 1532 1114 1617 diximus,
1135 1532 1227 1596 inter
1243 1554 1280 1596 se
1294 1531 1511 1616 cohaereant
1535 1542 1568 1598 et
1584 1534 1727 1618 qarbus
1716 1561 1753 1603 ιιι
1769 1536 1851 1609 ver·

165 1643 217 1709 bia
240 1667 279 1711 ac
300 1644 419 1713 formis
436 1629 500 1712 alia
521 1621 576 1714 alii
589 1649 632 1716 sit
646 1649 762 1713 similis
779 1671 817 1714 ac
833 1641 999 1734 congrua,
1021 1669 1099 1710 cum
1112 1669 1247 1711 summo
1264 1645 1392 1732 ingenii
1409 1647 1563 1713 acumine
1577 1659 1612 1713 et
1625 1652 1852 1739 copiosissima
1882 1720 1888 1728 ,

110 1763 135 1809 -“
166 1755 319 1823 doctrina
340 1761 507 1847 exposuit.
552 1761 621 1844 (Cf.
644 1785 725 1851 prae
747 1764 863 1831 ceteris
878 1760 1142 1847 Vergleichende
1158 1758 1422 1846 Zergliedernng
1441 1758 1498 1825 des
1514 1731 1684 1831 Sanskrits
1704 1771 1775 1835 und
1791 1774 1852 1841 der
1971 1764 1974 1771 ¹
2028 1862 2033 1874 ·

165 1871 228 1937 mit
242 1871 313 1937 ihm
327 1877 552 1942 verwandten
566 1877 749 1966 Sprachen,
765 1882 842 1943 'non
857 1879 914 1943 Fr.
929 1878 1045 1964 Bopp;
1061 1874 1098 1939 in
1117 1872 1467 1959 denAbhandlungen
1482 1875 1543 1940 der
1556 1877 1852 1955 BerlinerAkade-
1945 1891 1946 1894 ’
2014 1970 2017 1978 Ι

163 1986 245 2071 anie,
270 1992 353 2054 tete
376 1993 462 2078 sqq.)
509 1991 577 2058 Sed
599 2015 703 2079 quum
724 1993 783 2058 ille
804 1992 845 2057 de
864 1991 1016 2080 pluribus
1037 1989 1140 2055 simul
1161 1999 1275 2074 ageret
1294 1989 1436 2074 linguis,
1458 1987 1666 2078 factumest,
1687 2009 1744 2080 ut,
1766 2022 1852 2088 quae

165 2125 210 2168 cx
237 2104 400 2172 Indorum
423 2102 538 2195 lingna
567 2109 609 2174 ad
637 2131 791 2195 graecam
814 2107 1021 2192 latinamque
1049 2103 1282 2193 explicandam
1304 2103 1420 2195 petiit,
1449 2107 1622 2174 nonsatis
1645 2112 1799 2184 eluceant
1819 2136 1852 2189 et

165 2218 274 2285 adhuc
295 2198 581 2312 minaria-'quam
601 2246 664 2314 par
690 2236 755 2307 est,
786 2222 827 2290 ab
848 2214 970 2289 harum
987 2222 1181 2287 litterarum
1203 2218 1359 2285 studiosis
1382 2218 1609 2323 aestimentur.
1653 2228 1772 2313 Itaque
1788 2234 1861 2322 e'g'o·

163 2333 289 2409 horum
317 2338 508 2406 studiorum
529 2346 663 2428 partem
691 2340 733 2406 de
754 2339 887 2427 integro
910 2348 1070 2421 tractare,
1102 2351 1155 2420 et,
1183 2355 1269 2421 quae
1297 2344 1356 2400 aut
1382 2334 1463 2418 alii,
1484 2341 1688 2426 comparatis
1706 2352 1862 2433 cognatis.
1888 2400 1893 2410 .

163 2448 308 2539 linguis,
328 2453 370 2519 ad
391 2477 549 2541 graecum
571 2468 670 2540 atque
688 2456 831 2522 latinum
853 2476 1043 2542 pronomen
1056 2450 1303 2516 enucleandum
1318 2460 1410 2514 recte
1424 2438 1694 2541 proposuissent,
1717 2472 1851 2552 autsgo
1888 2522 1890 2526 ,

164 2566 223 2631 vel
246 2588 338 2630 nova
359 2567 415 2631 vel
438 2568 580 2635 meliora
601 2568 685 2633 mihi
711 2567 874 2658 reperisse
899 2569 991 2634 visus
1014 2588 1139 2648 essem,
1174 2585 1340 2630 caunum
1362 2562 1558 2629 incensum
1579 2567 1737 2637 conferre
1758 2581 1849 2683 apud

92 2752 97 2768 .
166 2680 319 2748 animum
339 2703 455 2748 meum
474 2681 643 2752 constitui.
688 2681 790 2770 Quod
810 2695 932 2749 autem
947 2679 1102 2769 inprimis
1120 2700 1311 2767 pronomen
1332 2676 1418 2742 mihi
1436 2678 1648 2756 tractandum
1667 2705 1849 2784 sumerem,
1929 2724 1932 2731 s

165 2796 311 2888 einarei
328 2819 442 2864 caussa
456 2811 489 2864 et
508 2800 596 2865 ratio
608 2797 691 2864 haec
702 2796 788 2881 tuit,
810 2798 900 2884 quod
914 2794 1126 2886 pronominis
1139 2793 1297 2860 formae
1286 2817 1323 2858 ιιι
1339 2814 1538 2879 unaquaque
1551 2794 1669 2884 lingua
1681 2803 1848 2892 antiquis-

167 2915 273 2979 simae
289 2923 367 2978 sunt
382 2925 416 2978 et
430 2913 472 2979 ad
487 2937 625 2980 omnem
644 2915 794 3000 linguam
811 2913 1027 2980 formandam
1044 2911 1230 2977 maximam
1245 2908 1317 2974 vim
1332 2908 1465 2976 habent
1512 2910 1717 3000 Quanquam
1733 2931 1848 2992 autem

165 3029 373 3111 multorum,
403 3027 460 3116 qui
481 3029 523 3094 ad
544 3028 661 3096 eadem
679 3030 788 3096 studia
810 3051 931 3116 magna
952 3047 1029 3093 cum
1050 3025 1150 3093 laude
1168 3044 1359 3111 magnoque
1382 3046 1460 3090 cum
1481 3024 1597 3093 fructu
1610 3027 1849 3121 incubuerunt,

165 3144 305 3212 nomina
321 3142 574 3251 praetermitto,
597 3169 666 3210 non
681 3168 817 3233 possum
832 3158 945 3211 tamen
960 3140 1136 3232 praefandi
1150 3140 1251 3207 finem
1268 3135 1395 3218 facere,
1414 3140 1496 3224 quin
1508 3142 1736 3230 Hartungum,
1757 3154 1849 3239 apud
1912 3170 1915 3174 ⁸

164 3258 387 3348 Erlangenses
399 3244 812 3359 gymnasiiProfessorem,
836 3284 912 3328 cum
928 3259 1028 3326 laude
1043 3277 1316 3348 commemorem.
1349 3255 1383 3319 la
1397 3253 1488 3340 enipi
1502 3258 1699 3344 nuperrime
1712 3261 1848 3335 doctum

166 3376 209 3442 de
229 3377 357 3443 casibus
377 3362 501 3441 latinae
521 3386 555 3441 et
575 3387 712 3462 graecae
731 3377 866 3463 linguae
888 3375 1014 3441 librum
1035 3374 1153 3457 edidit,
1189 3374 1226 3437 in
1248 3393 1314 3456 quo
1335 3389 1440 3454 quum
1459 3370 1501 3435 de
1523 3370 1596 3436 aliia
1616 3373 1848 3448 declinationis

103 3524 105 3529 ¹
165 3492 335 3583 partibus,
365 3501 437 3556 tum
461 3491 502 3555 de
521 3493 722 3579 pronomine
746 3493 853 3558 multa
867 3491 947 3558 scite
963 3491 1129 3581 exposuit.
1174 3487 1241 3552 Sed
1261 3507 1365 3572 quum
1379 3484 1437 3550 ille
1450 3483 1522 3572 ipse
1536 3486 1683 3573 linguam
1700 3494 1845 3559 aanscri-

164 3621 236 3675 tam
256 3609 444 3694 ignoraret,
466 3617 656 3691 ceterasque
678 3621 832 3692 cognatas
856 3605 1121 3694 linguasmagis‚
1142 3624 1239 3689 quam
1256 3623 1317 3689 par
1333 3611 1398 3685 est,
1421 3600 1621 3685 negligeret,
1643 3601 1845 3693 factumest,
1871 3631 1875 3643 ··
1956 3606 1959 3611 ’

165 3736 204 3790 ιιι
222 3724 287 3790 alia
308 3745 377 3786 non
390 3732 478 3787 recte
491 3721 692 3808 explicaret,
713 3721 776 3788 alia
791 3724 931 3788 omnino
944 3744 1014 3787 non
1027 3718 1209 3784 inveniret.
1251 3717 1323 3780 Nos
1337 3735 1441 3800 quum
1456 3713 1497 3778 de
1512 3721 1714 3803 pronomine
1728 3745 1845 3810 agere-
1890 3762 1895 3771 ι

131 3906 141 3924 ,
166 3863 259 3922 mus,
281 3860 321 3903 eo
345 3837 495 3901 animum
513 3857 647 3923 semper
672 3838 891 3933 attendimus,
919 3850 958 3904 ιιι
975 3833 1016 3903 ad
1039 3834 1187 3919 linguam
1209 3851 1363 3918 graecam
1387 3840 1422 3893 et
1439 3829 1580 3896 latinam
1601 3826 1841 3908 enucleandam

166 3958 276 4027 ubivis
296 3963 454 4037 cognatas
474 3939 655 4036 linguas'in
678 3952 843 4019 auxilium
857 3972 1070 4034 vocaremus,
1084 3940 1164 4015 ¹non
1175 3972 1259 4013 vero
1272 3967 1389 4033 graeca
1400 3944 1572 4031 latinaque
1586 3946 1636 4012 usi
1651 3972 1783 4041 sumus,
1805 3971 1842 4023 nt

165 4071 284 4143 ceteris
304 4065 427 4152 linguis
445 4067 553 4130 lucem
573 4065 790 4149 afferremus,
814 4043 938 4155 quoda
958 4066 1096 4132 consilio
1116 4076 1231 4131 nostro
1247 4060 1459 4130 abhorrebat.
1504 4060 1620 4147 Quum
1633 4087 1716 4131 vero
1732 4069 1841 4156 pluria-

152 4190 229 4256 mis
250 4182 348 4253 latini
374 4181 547 4268 graecique
567 4184 777 4267 pronominis
796 4182 916 4250 formis
933 4182 1087 4271 inprimis
1109 4206 1127 4247 e
1149 4180 1262 4266 lingua
1277 4176 1436 4245 sanserita
1448 4176 1510 4241 lux
1522 4177 1594 4266 peti
1607 4181 1731 4266 possit,
1752 4185 1839 4250 illius

167 4327 235 4379 non
253 4299 420 4390 potuimus
436 4319 502 4361 non
517 4317 617 4384 saepe
634 4299 844 4367 mentionem
859 4297 978 4364 facere.
