4320 5414
1779 314 1912 438 u'

142 574 161 621 .·
253 544 418 641 2)·Supra
436 559 515 618 aunt
534 548 635 637 plura
655 544 859 635 pronomina
878 542 1123 632 interrogativa
1143 568 1164 612 a
1185 557 1530 629 mecommemorata,
1553 565 1637 632 quae
1654 546 1824 634 quomodo

140 670 236 739 inter
255 692 292 736 aa
312 666 468 737 differant
496 674 531 730 at
557 683 624 749 qua
646 660 715 729 sint
740 659 872 728 ratione
885 678 887 681 ·
901 673 1078 750 uanrpata,
1105 684 1197 728 nnnc
1221 661 1399 728 dicendum
1419 673 1478 729 eet
1522 661 1577 726 De
1597 663 1675 751 quie
1695 663 1826 749 signifi.

147 786 277 854 catione
298 807 368 851 non
390 790 458 865 eat,
489 777 579 863 quod
608 788 904 871 commoneamueq
929 777 1031 865 idque
1051 777 1089 843 in
1110 778 1223 844 omnia
1240 776 1373 864 generis
1392 775 1707 864 interrogationibus
1728 797 1826 867 posce

142 901 309 988 naurperi,
320 895 429 963 —fncile
441 901 609 981 appareb'
634 890 704 960 Ubi
719 890 761 957 de
774 892 905 960 dnobua
920 893 1104 979 quaeritur,
1127 904 1202 959 uter
1214 892 1279 958 dici
1295 893 1389 958 solet.
1411 889 1477 978 (Of.
1492 896 1521 974 §.
1537 892 1601 980 15.)
1635 893 1765 981 Ecquia
1778 914 1822 961 ex

144 1039 185 1082 en
197 1011 360 1104 particula
374 1020 409 1076 at
422 1008 499 1097 quie
514 1006 750 1094 compositum,
773 1008 825 1074 nti
838 1031 882 1075 ex
896 1031 938 1075 en
953 1018 988 1075 et
1000 1030 1046 1092 ce,
1069 1031 1142 1074 ecce
1153 1007 1281 1075 factum
1294 1021 1355 1074 ent.
1384 1008 1487 1075 Cone.
1503 1006 1726 1076 Schneiderua
1740 1031 1824 1076 con·

141 1142 194 1197 tra
215 1121 515 1213 (Elementariebce
536 1121 597 1187 der
616 1119 673 1189 lat.
686 1119 855 1208 'Sprache,
875 1148 908 1214 p.
924 1125 1017 1208 242.)
1039 1123 1103 1190 hoc
1118 1128 1260 1192 verbum
1280 1124 1324 1191 de
1337 1133 1369 1190 et
1382 1123 1585 1212 copulaeese
1599 1122 1823 1190 derivandum
1898 1142 1906 1151 ’

141 1244 268 1331 credit,
289 1241 342 1309 nti
359 1239 499 1318 iccirco,
520 1236 720 1326 quicquam,
742 1238 905 1326 quicquid
925 1238 1063 1309 dicatur.
1105 1241 1208 1328 Quod
1230 1261 1424 1328 quenquam
1444 1237 1561 1305 multis
1572 1235 1822 1326 exemplaribus

42 1438 44 1442 μ
141 1358 302 1446 antiquie,
330 1356 371 1426 in
392 1352 514 1440 quibus
538 1351 649 1439 etquis
674 1353 837 1442 acriptum
866 1364 932 1437 eat,
961 1357 1159 1424 confirmari
1185 1355 1341 1441 videtur,
1370 1367 1486 1422 temen
1515 1353 1670 1442 primum
1686 1349 1751 1415 boc
1771 1360 1823 1415 eat

142 1474 353 1560 ambignum,
383 1490 485 1550 num,
508 1467 639 1536 etiamai
660 1465 685 1530 d
704 1466 818 1537 littera
839 1481 917 1536 ante
938 1492 960 1557 q
982 1471 1018 1536 in
1040 1458 1207 1539 emutata
1227 1471 1286 1554 ait,
1317 1470 1408 1537 idem
1429 1469 1465 1535 in
1487 1479 1501 1535 t
1521 1468 1636 1533 littera
1657 1462 1822 1532 acciderit.

141 1585 276 1656 Deinde
298 1597 339 1651 et
359 1604 494 1673 semper
515 1593 550 1647 et
571 1582 696 1667 ubique
716 1584 858 1672 copulae
876 1583 947 1650 vim
969 1584 1085 1667 habet,
1110 1587 1278 1673 quam„ai
1295 1587 1397 1654 conr.
1413 1582 1609 1652 Schneideri
1622 1579 1823 1648 sententiam

135 1721 378 1788 aequeremur,
411 1698 449 1763 in
476 1696 587 1783 acquic
615 1695 716 1783 plana
744 1697 918 1764 evanuiaae
945 1697 1134 1785 putandum
1159 1713 1260 1783 eaaet,
1301 1701 1335 1764 id
1360 1700 1449 1784 quod
1475 1721 1544 1764 non
1575 1708 1626 1761 eat
1653 1692 1822 1760 credibile.

139 1818 268 1885 Ortum
290 1823 340 1879 eet
365 1811 469 1898 igitur
488 1808 603 1898 potina
632 1831 674 1874 ex
697 1831 738 1874 en
758 1823 792 1899 et
813 1811 900 1899 quie.
943 1813 1066 1900 Neque
1085 1823 1197 1880 tamen
1225 1836 1302 1880 cnm
1325 1814 1489 1903 Gryaario
1509 1834 1544 1901 p.
1560 1815 1613 1876 92.
1632 1809 1823 1892 interroga·
1944 1806 1954 1821 '

136 1920 267 2000 tionem
291 1928 330 1995 in
344 1947 387 1991 en
405 1922 573 2014 particula
593 1921 704 1990 ineaae
725 1923 880 1993 dixerim.
923 1927 1013 1992 Nam
1028 1948 1069 1991 en
1083 1949 1146 2015 per
1160 1949 1197 1993 aa
1212 1952 1282 1995 non
1298 1931 1499 2016 interrogat,
1520 1925 1578 1991 aed
1593 1924 1725 1991 animoa
1743 1931 1823 1984 tan-

137 2060 212 2115 tum
230 2040 377 2113 advertit
398 2039 442 2107 ad
459 2060 535 2139 rem
552 2050 783 2125 praesentem,
807 2058 910 2124 eaque
931 2041 984 2106 via
1005 2040 1105 2107 etiam
1126 2042 1164 2108 in
1185 2045 1430 2133 compositione
1450 2052 1574 2110 manet
1618 2039 1710 2104 Nam
1731 2031 1822 2119 quod
1894 2064 1914 2112 ,-

141 2156 324 2249 Gryeariua
344 2151 537 2230 contendit,
565 2151 603 2217 in
623 2152 742 2253 ecquia=
755 2153 973 2221 dubitationis
993 2153 1102 2221 ineeae
1123 2155 1418 2245 significationem,
1437 2157 1473 2224 id
1495 2167 1627 2221 tantum
1650 2151 1759 2230 abeat,
1783 2157 1822 2213 ut

138 2273 276 2367 probari
296 2282 411 2357 queat,
431 2272 471 2337 ut
490 2267 528 2334 in
549 2266 662 2354 ecquis
683 2266 918 2335 vehementiae
934 2269 1108 2336 cuiuadam
1126 2252 1297 2361 animique
1311 2273 1451 2340 affectus
1465 2269 1559 2337 notio
1574 2266 1661 2334 inait.
1688 2260 1821 2349 'Quare

135 2402 288 2459 oratorea
316 2410 356 2452 eo
385 2381 592 2473 prenomine
619 2381 867 2468 interrogativo
896 2396 1056 2470 utuntur,
1087 2386 1117 2453 ei
1143 2411 1215 2456 rom
1231 2392 1371 2457 nonita
1394 2413 1465 2458 eaae
1487 2410 1525 2455 ac
1547 2385 1648 2473 plane
1667 2378 1762 2445 aliter
1784 2397 1821 2440 aa

139 2506 282 2580 babere,
300 2497 563 2592 interrogatione
584 2493 735 2559 indicare
754 2493 886 2559 volunt.
930 2496 999 2561 Cic.
1018 2496 1117 2560 Verr.
1133 2498 1180 2577 Ii,
1197 2498 1229 2576 4,
1248 2505 1298 2564 11.
1319 2501 1493 2586 Ecquae
1514 2497 1635 2561 civitae
1653 2501 1721 2568 eet,
1753 2511 1821 2554 non

140 2616 240 2688 niodo
266 2613 305 2680 in
328 2607 518 2698 provinciis
545 2604 690 2683 nostrie,
718 2627 836 2673 verum
862 2605 900 2671 in
929 2606 1063 2672 ultimis
1091 2607 1306 2690 nationibus,
1337 2622 1400 2677 aut
1426 2623 1500 2677 tam
1515 2604 1643 2697 'patena
1664 2615 1726 2669 aut
1747 2614 1822 2669 tam
1908 2639 1911 2642 ⁴

138 2733 250 2823 ¹libera
272 2726 463 2796 autetiam
484 2734 557 2791 tam
579 2719 744 2786 immania
769 2739 811 2786 ac
830 2717 997 2803 borbaro3
1028 2744 1089 2788 rex
1108 2721 1251 2812 denique
1270 2726 1398 2815 ecqui
1402 2749 1419 2790 a
1442 2737 1508 2806 eat,
1544 2723 1603 2812 qui
1623 2722 1820 2787 Senatorem

132 2844 257 2940 populi
271 2842 423 2910 Ronaani
444 2849 529 2906 tecto
549 2860 592 2902 ac
612 2834 712 2904 donec
734 2858 801 2901 non
823 2836 969 2903 invitet?
1000 2837 1079 2904 Hoc
1098 2849 1166 2919 eat,
1184 2839 1309 2907 omiaaa
1328 2841 1609 2927 interrogatione:
1629 2836 1722 2904 nulia
1734 2853 1821 2921 pro·⁴

138 2964 228 3056 factq
257 2969 307 3026 eat
327 2957 461 3038 civitae,
491 2952 607 3020 nullua
629 2974 701 3020 rex.
743 2952 829 3019 Ibid.
848 2958 879 3020 8.
908 2952 1020 3019 Heiue
1047 2976 1149 3021 acero
1168 2955 1400 3043 cce-majorum
1421 2966 1569 3045 repetere
1586 2949 1647 3018 aba
1669 2961 1701 3016 te
1722 2944 1819 3011 dicit.
1920 2945 1923 2955 '

136 3075 280 3165 Ecqui
293 3070 410 3162 pudor
421 3070 496 3149 eat?
523 3068 675 3156 Ecqua
695 3067 837 3156 religio,
863 3064 1013 3134 Verrea?
1041 3070 1169 3157 ecqui
1188 3071 1324 3137 metue?
1353 3071 1394 3139 In
1408 3071 1478 3138 cic.
1492 3067 1614 3158 Epad
1626 3065 1708 3133 Diu.
1722 3059 1822 3143 V111‚·

63 3235 71 3242 -
141 3194 193 3261 16.
218 3188 355 3257 Coelina
373 3186 422 3252 ita
443 3183 623 3272 epistolam
643 3181 837 3249 exorditum
865 3181 1102 3271 Ecquando
1122 3194 1162 3250 tu
1179 3183 1352 3252 beminen
1371 3186 1571 3273 ineptiorem
1591 3202 1695 3269 quam
1718 3188 1818 3239 tuum

141 3308 203 3376 Cn.
223 3300 429 3394 Pompeium
447 3295 587 3377 vidisti,
608 3296 671 3385 qui
689 3307 805 3364 tautae
825 3293 957 3377 herbae,
978 3300 1128 3387 quitum
1142 3323 1261 3391 nugae
1279 3313 1381 3383 earet,
1404 3296 1608 3383 commorit?
1634 3293 1818 3379 Ecquem

140 3435 257 3492 autem
286 3417 428 3484 Caesare
456 3424 569 3480 nostro
596 3411 763 3478 acriorem
790 3411 828 3477 in
849 3409 946 3478 reduc
961 3415 1149 3502 gerendis?
1181 3416 1252 3483 Cic.
1273 3417 1315 3483 ed
1336 3417 1408 3484 Au.
1425 3415 1471 3497 11,
1487 3420 1517 3480 2.
1546 3411 1613 3477 Sed
1633 3409 1733 3475 heue
1754 3416 1817 3486 tu,

139 3532 302 3628 ecquid
328 3529 441 3608 video,
469 3525 650 3609 Kalendae
671 3527 803 3608 venire,
832 3526 1028 3597 Antonium
1047 3553 1116 3597 non
1136 3531 1275 3604 uenire?
1305 3533 1560 3616 Nonnunquam
1581 3527 1682 3594 etiam
1704 3517 1818 3609 acquic

138 3669 356 3739 usurpamna,
378 3637 409 3725 'ei
431 3641 546 3729 magni
575 3652 691 3707 noatra
718 3639 875 3723 intereat,
904 3663 990 3728 quae
1013 3646 1187 3735 qualiaque
1213 3648 1257 3715 ait
1276 3647 1342 3714 ieta
1364 3667 1437 3728 ree,
1464 3645 1508 3711 de
1525 3666 1592 3733 qna
1613 3637 1816 3730 quaerimus,

51 3796 57 3803 ·
137 3763 337 3855 comperite·
381 3758 450 3826 010·
471 3754 513 3824 ad
542 3753 637 3821 Fam·
651 3754 731 3839 Vll,
754 3760 806 3823 17'·
839 3756 954 3839 Quid
978 3762 1096 3850 agatii
1124 3773 1157 3829 et
1177 3759 1330 3849 ecquid
1351 3762 1388 3827 in
1412 3760 1557 3838 Italuxm
1576 3753 1710 3848 uenturi
1729 3751 1816 3830 aitis,

68 3981 76 3988 1
133 3884 233 3975 foc,
247 3876 384 3967 plane
401 3871 546 3938 eciam.
590 3869 659 3936 cie.
682 3867 726 3938 ad
738 3868 814 3937 Ata
839 3870 936 3955 VIII,
954 3879 1005 3942 12.
1025 3873 1161 3943 Deinde
1181 3875 1318 3965 aliquid
1337 3877 1443 3943 etiam
1463 3877 1500 3942 in
1514 3878 1691 3966 porterum
1707 3887 1815 3970 pro·
1905 3900 1908 3906 ·

137 3995 306 4088 apiciae
320 3987 570 4078 fingasque,
593 4006 692 4072 quem
709 4005 765 4051 mc
784 4007 853 4051 esee
873 3985 1006 4068 deceat,
1028 4001 1070 4073 et,
1083 3987 1219 4061 ubime
1232 3991 1428 4080 plurimum
1440 3989 1601 4082 prodeaa'e}
1611 3981 1816 4074 reipublicae

137 4113 464 4192 animaequae
485 4095 641 4189 pacifica
665 4122 815 4190 perenna
841 4099 1065 4186 decideretur3
1093 4129 1139 4172 cn
1162 4107 1200 4172 in
1223 4104 1384 4173 bellatore
1404 4108 1476 4174 aine
1495 4106 1638 4174 omnin·
1664 4099 1814 4167 Verum-

136 4242 250 4296 tamen
266 4223 333 4305 hoo
353 4237 486 4306 quoque
505 4214 544 4285 in
564 4237 628 4282 nau
648 4215 753 4282 animi
773 4215 911 4304 quidam
934 4216 1091 4304 asieetue,
1116 4242 1216 4307 quem
1240 4220 1278 4286 in
1295 4221 1408 4309 ecquia
1421 4245 1505 4289 voce
1524 4222 1632 4306 inesse
1653 4215 1811 4289 diximus,

136 4354 189 4409 eat
214 4334 423 4423 canopicum.
478 4329 563 4398 Eine
592 4329 686 4398 vocis
713 4330 766 4397 via
792 4330 980 4401 intenditur
999 4334 1110 4400 'etiarn'
1136 4357 1220 4400 uam
1246 4336 1411 4425 particula
1441 4336 1563 4406 addita.
1604 4329 1813 4418 Ecquisnam

138 4453 220 4524 dicit
241 4447 415 4520 Cicereio
435 4445 549 4517 Vatin.
572 4467 601 4514 o·
626 4447 675 4514 16.
701 4440 838 4551 Audire
856 4471 880 4515 a
901 4460 935 4517 te
956 4448 1073 4537 cupio,
1103 4450 1260 4537 ecquid
1282 4450 1452 4541 audieris,
1482 4451 1728 4542 ecquiancm
1750 4435 1814 4508 tibi
