4320 5414
264 354 303 453 3.

263 566 678 669 populorumaoeessione
698 568 883 639 admodum
904 569 1082 639 immutata
1103 581 1173 655 est,
1195 571 1390 662 exemplum
1406 572 1570 643 maiorem
1584 574 1686 647 habet
1700 573 1945 676 auctoritatem.

264 710 387 782 quarm
416 691 446 754 s'i
467 689 541 776 quis
561 688 691 768 omo'i,
713 708 796 754 voca
817 688 954 774 gallica,
974 686 1158 775 antiquitus
1177 686 1264 755 hano
1284 688 1432 756 radicem
1453 690 1496 758 ad
1517 683 1768 764 nominativum
1788 698 1947 772 forman·-¹

265 806 349 873 dum
369 804 553 873 adhibitam
575 827 645 870 esse
666 804 841 870 ostendere
862 805 974 871 vellet.
1607 880 1617 893 ἡ

283 922 313 1023 ¹]
366 923 408 1005 '6)
442 918 536 1003 Nos,
571 941 648 1005 cos,
683 918 1040 1009 prima··secnndaque
1082 942 1228 1009 persona
1267 921 1407 1009 pluralis
1440 927 1594 1010 numeri,
1637 950 1715 994 cum
1745 933 1819 1014 sot,
1852 935 1948 1018 σφωξ

267 1040 449 1135 earundem
470 1056 690 1133 personarum
721 1035 840 1136 duali,⁸
857 1056 1011 1122 magnam
1039 1035 1162 1103 habent
1183 1036 1455 1120 similitudinem,
1486 1060 1596 1125 neque
1617 1053 1731 1110 tamen
1752 1067 1812 1110 nos
1834 1060 1868 1113 et
1888 1071 1948 1114 oos

267 1131 561 1249 egrauca'lingua
584 1151 623 1218 in
645 1150 784 1218 latinam
806 1151 965 1219 translata
987 1172 1073 1237 esse,
1103 1175 1182 1220 oum
1205 1152 1410 1220 Buttmanno
1433 1154 1638 1222 credendum
1659 1170 1717 1223 est.
1758 1160 1830 1244 (ef.
1851 1161 1950 1231 Butt-

267 1271 386 1343 mann'i
404 1267 562 1364 Lexilog.
585 1281 666 1335 tom.
688 1268 714 1332 Ι.
735 1288 770 1356 p.
786 1266 852 1354 dl.)
895 1267 963 1365 Ille
978 1269 1085 1351 enim,
1114 1290 1218 1355 quum
1243 1282 1350 1337 totam
1373 1271 1479 1337 dualis
1501 1277 1635 1361 numeri
1656 1272 1949 1347 declinationem

267 1382 684 1460 formarum'abundantia
707 1383 850 1470 quadam
869 1365 982 1451 natam
1005 1407 1074 1451 esse
1099 1385 1267 1470 crederet,
1287 1388 1347 1453 sut
1364 1399 1398 1453 et
1411 1372 1504 1472 'epol'
1521 1387 1701 1473 antiquitus
1721 1390 1860 1476 pluralis
1882 1417 1949 1459 nn·

166 1498 174 1517 ⁴
267 1508 355 1577 meri
376 1503 477 1570 fuisse
498 1501 638 1587 putavit.
684 1497 749 1563 Sed
772 1512 979 1589 quantopere
1000 1500 1058 1567 ille
1076 1501 1112 1566 in
1135 1501 1241 1567 dualis
1260 1502 1395 1568 numeri
1416 1514 1536 1568 natura
1554 1503 1757 1591 explicanda
1774 1509 1949 1592 erraverit,

268 1623 304 1691 id
327 1615 557 1688 Humboldtus
580 1615 711 1701 egregio
738 1614 872 1698 libello,
904 1638 1003 1703 quem
1034 1615 1076 1681 de
1104 1616 1195 1682 duali
1222 1618 1374 1683 Berolini
1405 1623 1488 1705 1829
1518 1619 1733 1708 conscripsit,
1759 1619 1895 1686 edocuit
1916 1634 1949 1687 et

270 1734 475 1827 explanavit.
519 1731 641 1816 Neque
663 1752 722 1794 nos
744 1742 777 1796 et
796 1755 854 1796 vos
875 1730 1002 1796 formas
1023 1751 1174 1818 egraeca
1187 1732 1301 1820 lingna
1314 1747 1524 1822 repetamus,
1540 1757 1676 1801 necesse
1698 1747 1756 1801 est.
1801 1736 1947 1801 Eaedem

271 1853 363 1921 en'im
395 1847 530 1939 pluralis
558 1845 692 1910 numeri
722 1844 853 1910 formae
881 1847 981 1912 etiam
1010 1859 1043 1912 et
1071 1847 1107 1911 in
1133 1847 1250 1932 lingua
1275 1851 1436 1913 sansorita
1463 1858 1524 1912 nos
1547 1862 1580 1913 et
1602 1860 1660 1915 vas
1682 1863 1715 1915 et
1737 1852 1774 1915 in
1796 1852 1950 1937 polonica

270 1967 498 2058 reperiuntur.
542 1962 658 2045 Itaque
682 1971 838 2046 apparet,
867 1969 900 2023 et
929 1960 1101 2024 Romanos
1126 1982 1186 2022 nos
1214 1972 1247 2025 et
1276 1982 1332 2026 vos
1351 1972 1387 2024 et
1407 1960 1553 2026 Graecos
1575 1966 1670 2028 vote
1692 1964 1807 2050 lingua
1829 1966 1950 2054 prims,

271 2081 444 2154 communi
462 2060 526 2143 ista
548 2072 701 2139 omnium
716 2073 914 2160 linguarum
938 2074 1174 2159 procreatrice,
1197 2076 1350 2139 hausisse.
1394 2075 1504 2140 Eoos
1524 2100 1550 2140 s.
1565 2101 1633 2161 vos,
1656 2078 1781 2165 radice,
1803 2082 1950 2148 alittera
1991 2138 1997 2143 .

272 2197 475 2291 praeposita,
498 2191 597 2276 spui,
618 2189 687 2271 σφώ
707 2187 834 2254 formas
856 2209 925 2253 esse
941 2186 1158 2267 derivandae,
1179 2189 1330 2276 Boppius
1344 2189 1461 2253 credit.
1506 2190 1572 2275 (cf.
1591 2192 1951 2278 VergleicbendeZer-
1998 2267 2006 2276 .

274 2315 489 2405 gliederung,
508 2312 543 2371 2.
560 2304 647 2371 Aah.
671 2299 766 2389 pa.)
809 2301 1001 2368 Verborum
1027 2316 1155 2386 tamen,
1188 2323 1333 2388 quorum
1360 2303 1457 2368 initio
1485 2306 1609 2370 Graeci
1636 2331 1657 2373 σ
1681 2310 1948 2394 praeposuerint,
2010 2327 2020 2338 ·

274 2428 431 2516 exempla
452 2421 575 2513 frustra
597 2419 811 2504 quaesiveris.
857 2418 971 2501 Quare
994 2437 1054 2501 ego
1071 2417 1113 2481 in
1134 2439 1209 2482 eam
1231 2418 1428 2482 sententiam
1451 2418 1616 2504 adducor,
1643 2433 1680 2486 ut
1701 2424 1788 2505 epol
1805 2422 1948 2491 formam

273 2573 293 2616 e
311 2549 365 2630 od„
385 2539 519 2610 numeri
539 2533 714 2622 singularis
733 2531 863 2614 radice,
883 2543 995 2596 ortam
1017 2554 1087 2596 esse
1109 2542 1279 2598 statuam·
1303 2532 1393 2598 Nam
1415 2533 1465 2598 uti
1487 2533 1524 2598 in
1544 2536 1746 2622 pronomine
1766 2539 1950 2625 reciproco,

274 2686 340 2753 qno
370 2661 412 2725 de
437 2655 527 2723 infra
550 2664 680 2738 agetur,
708 2672 734 2713 a
754 2647 866 2713 littera
888 2647 977 2735 apud
999 2648 1146 2715 Graecos
1166 2646 1203 2712 in
1225 2657 1394 2732 pmutata
1408 2659 1479 2714 esta
1508 2648 1573 2735 ita,
1597 2673 1699 2736 quum
1722 2649 1764 2720 ad
1786 2656 1825 2721 σύ
1845 2654 1957 2722 dualis.

274 2779 387 2845 {orma
414 2785 452 2839 ost·
483 2769 679 2849 adderetur,
708 2766 794 2847 σφωΐ
812 2775 922 2827 ortum
943 2775 1000 2829 est.
1369 2772 1372 2781 '

379 2895 412 2968 6)
434 2885 575 2954 Pluralis
589 2879 722 2949 numeri
735 2877 864 2943 formae
878 2877 1007 2944 ionicae
1024 2894 1103 2946 sunt
1118 2881 1202 2967 ἧμεΐς
1217 2896 1249 2948 et
1265 2882 1361 2968 ὗμεΐς,
1384 2884 1527 2948 aeolicae
1540 2882 1648 2967 cippsg,
1669 2884 1776 2970 ὔμμες,
1820 2886 1952 2955 Viden.
2054 2941 2059 2947 .

275 3015 355 3076 dnm
380 3019 429 3070 est
451 3003 569 3088 igitur,
594 3010 692 3062 utrae
713 2998 780 3062 siut
808 2995 1015 3062 vetustiores.
1065 2998 1133 3062 Hic
1148 3019 1304 3082 quoque,
1331 2998 1381 3064 uti
1399 2997 1498 3076 alias,
1527 2998 1672 3063 aeolicae
1691 2998 1822 3066 formae
1840 3005 1952 3068 maio-

264 3146 347 3194 ·rem
369 3120 432 3186 sibi
456 3113 686 3198 antiquitatem
708 3111 896 3176 vindicant.
940 3112 1028 3176 Nam
1056 3113 1092 3178 iu
1119 3114 1232 3198 lingua
1253 3114 1412 3178 senscrite
1431 3111 1552 3176 horum
1571 3114 1810 3199 pronominum
1832 3117 1952 3204 plura-

274 3243 382 3308 tIvum
404 3233 588 3301 maximam
607 3237 740 3317 partem
754 3251 772 3294 e
787 3222 953 3293 radicibus
968 3237 1041 3292 dam
1054 3240 1086 3292 et
1093 3227 1187 3315 jtsm
1203 3226 1386 3309 formatum
1406 3225 1493 3293 conf.
1507 3225 1655 3295 indicum
1671 3242 1809 3297 accusat.
1823 3240 1956 3319 damam*

271 3357 434 3446 jdsmoa3
452 3349 668 3412 instrument.
687 3340 843 3428 armabis,
860 3340 1047 3431 jusmubis3
1067 3343 1203 3435 locativ.
1225 3350 1373 3426 damase,
1388 3343 1555 3432 jasmasst.
1598 3343 1734 3412 Indicae
1756 3358 1868 3429 autem
1890 3372 1951 3416 ra·

276 3470 356 3537 dicis
385 3464 530 3531 formam
560 3459 824 3558 antiquissimam
855 3483 943 3543 esse,
980 3473 1014 3525 et
1041 3481 1085 3524 ex
1107 3481 1150 3526 aa
1172 3479 1290 3525 omnes
1319 3460 1528 3550 pronominis
1549 3460 1661 3543 graeci
1689 3459 1814 3528 formas
1834 3486 1955 3532 mana-

274 3587 379 3666 visse,
411 3579 438 3644 si
467 3577 615 3643 indicum
644 3576 733 3641 cumi
755 3598 832 3640 snm
860 3587 894 3641 et
923 3596 1079 3663 graecum
1109 3574 1184 3659 ἕᾳμί
1209 3575 1298 3640 inter
1325 3599 1361 3640 se
1393 3575 1621 3656 contenderis,
1658 3574 1756 3642 facile
1782 3579 1953 3666 intelliges.

179 3738 184 3748 ·
274 3704 366 3769 Nam
388 3695 477 3761 osmi
498 3705 548 3761 est
569 3692 799 3780 antiquissima
820 3691 947 3774 forma,
969 3713 1046 3773 cum
1067 3690 1143 3775 ἓσμί
1161 3689 1285 3756 aeolico
1307 3692 1413 3757 verbo
1433 3712 1598 3776 congrua3
1618 3690 1675 3756 sed
1696 3717 1717 3758 σ
1739 3693 1851 3760 littera
1875 3708 1954 3762 ante

276 3816 355 3903 pin
377 3845 400 3898 μ
422 3834 604 3893 conversa,
629 3811 720 3894 ἐμμί,
747 3808 864 3875 eadem
885 3819 996 3873 autem
1019 3807 1124 3873 eiecta
1146 3817 1179 3872 et
1200 3806 1309 3888 vocali
1326 3806 1506 3896 producta,
1533 3808 1600 3891 εἶμί
1617 3821 1732 3874 natum
1757 3822 1814 3876 est.
1857 3810 1955 3878 Idem

274 3935 313 4000 in
342 3934 461 3996 horum
488 3926 731 4016 pronominum
762 3925 928 3991 radicibus
958 3922 1086 3989 factum
1110 3934 1172 3990 est.
1215 3949 1236 3989 a
1259 3924 1356 3988 enim
1384 3923 1497 3989 littera
1525 3924 1562 3986 in
1594 3935 1733 4009 auoque
1751 3929 1955 4013 pronomine

278 4052 315 4116 iu
338 4071 373 4112 m
395 4055 537 4127 mutata,
566 4041 603 4107 in
624 4041 735 4105 altero
763 4042 867 4106 etiam
892 4041 915 4128 j
938 4040 1075 4122 omissa,
1105 4036 1249 4104 aeolicae
1279 4036 1408 4104 formae
1437 4039 1535 4123 ἄμμες
1560 4055 1593 4107 et
1620 4039 1715 4124 ὔμμες
1744 4053 1823 4104 suat
1844 4055 1956 4125 ortae3

278 4168 378 4233 Iones
403 4174 532 4241 autem,
557 4183 577 4224 σ
599 4158 708 4223 littera
730 4158 832 4224 eiecta
856 4170 888 4222 et
912 4150 929 4221 si
951 4150 1024 4221 etii
1049 4153 1221 4221 vocalibus
1235 4153 1425 4242 productis,
1447 4155 1531 4239 ἡμεῖς
1548 4166 1582 4219 et
1594 4154 1678 4239 ὑμεῖς
1693 4135 1851 4220 lecerunt.

383 4284 418 4357 7)
442 4277 489 4340 Tv'
511 4274 673 4338 aeolicum
698 4274 866 4357 antiquius
889 4296 959 4338 esse
982 4292 1082 4356 quam
1104 4274 1163 4351 σύ,
1182 4270 1325 4337 latinum
1350 4282 1388 4334 tu
1411 4283 1444 4335 et
1465 4271 1663 4335 sanseritum
1686 4280 1799 4351 tatum,
1822 4294 1958 4355 germa-

186 4466 189 4471 .
277 4421 360 4466 uum
383 4394 448 4476 du,
470 4400 663 4468 ceteraeque
684 4389 818 4471 linguae
840 4400 996 4472 cognatae
1017 4387 1093 4450 satis
1114 4395 1288 4452 testantur.
1332 4385 1438 4473 Apud
1459 4386 1602 4450 Boeotos
1625 4386 1679 4448 τού
1701 4396 1734 4448 et
1756 4391 1841 4470 τούν,
1867 4390 1956 4477 apud

169 4513 181 4537 '
276 4510 426 4580 Lacones
442 4509 552 4589 τουνῆ,
581 4502 623 4571 cf.
643 4501 790 4589 Hesych.
813 4525 839 4567 s.
858 4503 893 4568 h.
915 4525 966 4587 v.,
989 4502 1027 4568 iu
1047 4524 1109 4569 usu
1131 4515 1213 4569 erat.

1925 4627 1958 4704 8)
