4320 5414
223 403 276 479 92

167 603 169 607 ’
226 598 355 668 Eadem
375 614 459 663 voce
482 593 633 662 Naevius
657 611 737 658 usus
758 603 807 658 est
822 599 964 658 auctore
985 590 1085 657 Festo
1106 613 1140 679 p
1156 593 1232 658 269.

388 793 392 796 ¹
538 711 694 796 Namque
720 707 851 772 nullum
873 705 969 794 peius
992 717 1138 772 macerat
1165 707 1351 772 humanum
1381 702 1561 791 quamde
1589 727 1680 772 mare
1700 733 1851 779 saevum.

233 832 290 900 De
311 825 515 921 praepositio
536 826 573 890 in
592 824 653 889 hac
675 821 919 911 compositione
944 835 1100 910 correpta
1123 832 1182 886 eat.
1206 820 1307 907 (Cf.§
1288 819 1399 905 9.,27)
1442 821 1498 885 Ex
1519 819 1637 886 iisdem
1655 823 1840 908 adverbiis,
1864 836 1921 893 tua

210 946 291 1038 ,(α,
313 943 388 1031 um)
407 942 534 1030 syllaba
555 937 683 1022 addita,
709 949 824 1003 tantus
848 949 891 1002 et·
904 947 1052 1024 quantus
1070 937 1246 1020 oriuntur,
1278 934 1335 1018 (of.
1362 939 1458 1041 916,
1482 934 1529 1019 7.)
1550 947 1670 1023 atque,
1696 938 1739 1002 do
1760 943 1926 1027 particula

237 1063 379 1138 adiecta,
406 1053 561 1144 quando,
592 1053 682 1139 quod
714 1053 801 1116 haud
827 1052 895 1116 scio
926 1076 969 1116 an
991 1051 1138 1140 proprie·
1155 1075 1218 1138 pro
1241 1073 1344 1138 quam
1370 1049 1433 1114 dia
1462 1050 1599 1116 dicatur.
1642 1054 1734 1119 Nam
1762 1054 1832 1118 iin
1853 1053 1924 1119 dice

237 1171 419 1265 pluribus
409 1195 446 1236 ιιι
473 1170 585 1236 verbis
612 1166 757 1246 excidit,
784 1166 835 1231 uti
861 1167 897 1230 iu
888 1163 1076 1245 biduum,
1107 1165 1279 1245 triduum,
1308 1164 1457 1245 dmum,
1493 1166 1585 1252 quod
1613 1189 1657 1233 ex
1677 1167 1823 1236 diadum
1843 1191 1931 1236 cou-

239 1301 383 1380 tractum
398 1307 486 1368 esse,
506 1305 607 1349 nemo
622 1280 794 1349 infitiatur.
840 1281 906 1364 (Cf.
923 1282 1243 1350 commentationem
1257 1303 1369 1346 meam
1382 1281 1424 1346 de
1437 1281 1528 1346 Iovis
1547 1282 1697 1365 nomine,
1720 1285 1757 1348 in
1776 1283 1803 1348 J
1808 1283 1932 1349 alane

166 1464 171 1473 .
241 1396 1111 1487 JatrtacaerfitrPtilol.u.Pctd.1830.Hettt.
1139 1397 1175 1462 S
1199 1393 1288 1482 541.)
1333 1393 1479 1477 Quando
1508 1396 1612 1481 igitur
1634 1399 1772 1487 proprie
1796 1377 1933 1488 tempus

243 1517 426 1603 siguificat,
458 1513 567 1600 rleque
592 1525 705 1605 tamen
725 1535 798 1579 eam
818 1534 938 1578 vocem
955 1511 997 1578 ad
1014 1512 1092 1577 alias
1108 1533 1242 1597 quoque
1258 1513 1433 1593 notiones,
1463 1533 1549 1597 quae
1568 1535 1589 1576 e
1601 1525 1755 1600 tempore
1765 1513 1932 1600 pendent,

245 1615 439 1700 translatam
461 1648 548 1709 esse,
570 1638 603 1692 et
624 1627 803 1714 particulae
818 1627 971 1693 caussalis
990 1638 1025 1692 et
1045 1626 1283 1692 condicionalis
1299 1627 1370 1692 vim
1385 1637 1419 1692 et
1432 1637 1587 1693 naturam
1600 1627 1782 1715 accepisse,
1804 1628 1935 1693 mirum

248 1770 318 1815 esse
339 1755 457 1833 potest.
498 1742 591 1808 Nam
613 1741 793 1829 particulas
801 1792 812 1826 ,
841 1763 926 1828 quae
955 1730 1088 1830 tempus
1112 1741 1324 1828 significant,
1356 1763 1456 1829 saepe
1486 1741 1527 1805 ad
1556 1763 1685 1820 caumas
1715 1753 1747 1808 et
1777 1742 1935 1826 rationes,

249 1862 375 1950 quippe
395 1878 518 1945 quaec
543 1869 695 1944 tempore
716 1857 904 1945 pendeant,
937 1870 972 1923 et
992 1856 1171 1945 particulas
1191 1856 1437 1922 condicionales
1462 1867 1495 1920 et
1517 1859 1679 1923 caussales
1697 1880 1769 1923 non
1790 1880 1866 1924 raro
1882 1856 1935 1930 ad

248 1972 384 2061 ¹tempus
406 1970 598 2051 transferri,
625 1970 715 2039 inter
735 1994 851 2038 omnes
872 1983 1013 2037 constat.
1039 2009 1083 2023 -
1125 1974 1318 2056 Praeterea,
1347 1993 1467 2065 quom,
1480 1994 1568 2058 pone
1596 1971 1935 2060 pronomenindeli·

190 2087 195 2097 ¹
251 2092 363 2159 nitum
384 2089 563 2170 collocato,
593 2087 631 2154 fit
652 2087 853 2175 quisquam,
885 2087 975 2175 quod
998 2088 1078 2174 quid
1099 2085 1283 2173 significet,
1312 2107 1403 2151 nunc
1425 2085 1603 2152 dicendum
1622 2099 1678 2152 est.
1733 2088 1819 2170 Quis
1840 2088 1934 2155 enim

252 2204 455 2295 pronomine
480 2201 660 2268 indefinito
689 2202 803 2267 utitur
824 2202 869 2284 is,
898 2203 957 2289 qui
984 2225 1059 2292 rem
1081 2204 1180 2288 fingit
1201 2225 1290 2296 esse,
1311 2202 1408 2274 nulla
1427 2200 1557 2268 ratione
1577 2202 1711 2282 habita,
1738 2215 1854 2270 utrum
1876 2227 1939 2271 re·

140 2342 143 2347 ·
255 2343 340 2385 vera
361 2339 423 2382 nec
441 2339 484 2380 ne
505 2317 567 2396 sit3
595 2338 698 2402 quam
720 2327 833 2381 autem
855 2335 960 2399 quum
984 2317 1275 2405 exaggerationem
1297 2315 1466 2402 quandam
1486 2325 1522 2378 et
1541 2315 1722 2382 sententiae
1741 2321 1938 2406 amplifica-

253 2434 381 2501 tionem
409 2429 597 2509 contineat,
625 2430 668 2491 ad
695 2432 935 2513 cogitationem
962 2430 1269 2515 dubitationemque
1297 2433 1386 2515 eius,
1422 2431 1481 2516 qui
1507 2452 1580 2494 rem
1608 2432 1739 2537 posuit,
1768 2433 1940 2517 refertur3

254 2548 367 2632 itaque
382 2544 423 2611 ad
436 2541 634 2623 sententias,
653 2543 774 2630 quibus
788 2514 914 2632 aliquid
931 2555 1083 2628 negatur,
1109 2545 1265 2633 inprimis
1279 2555 1328 2610 est
1341 2555 1470 2631 aptum.
1512 2543 1644 2610 Eodem
1659 2547 1762 2612 modo
1778 2571 1938 2637 usquam,

256 2683 445 2752 nusquam,
473 2657 722 2747 nequidquam,
750 2680 963 2747 nequaquam
993 2659 1193 2747 explicanda
1220 2671 1305 2726 sunt.
1332 2691 1378 2709 ·-
1420 2656 1548 2724 Eadem
1570 2657 1749 2748 particula
1756 2687 1832 2730 cum
1853 2667 1943 2732 sim-

256 2781 344 2871 plice
371 2774 548 2862 negatione
575 2772 613 2837 in
638 2795 783 2860 nequam
810 2773 1045 2862 componitur,
1079 2778 1169 2860 quod
1198 2775 1328 2840 nullius
1345 2772 1499 2862 gradus,
1528 2776 1659 2841 nullius
1679 2778 1747 2842 loci
1764 2779 1940 2865 siguificat.
2012 2866 2016 2872 Ι

260 2893 353 2983 Quid
367 2891 457 2959 euim
473 2900 522 2955 est
535 2887 625 2954 aliud
640 2887 738 2955 homo
754 2911 899 2986 nequam
907 2936 919 2967 ,
940 2908 1040 2973 quam
1059 2891 1116 2975 qui
1129 2889 1224 2956 nullo
1241 2891 1279 2956 ιιι
1294 2890 1369 2956 loco
1381 2884 1579 2977 ponendus,
1601 2892 1701 2958 nihili
1714 2894 1942 2964 aestimandus
1991 2935 1996 2941 ·

260 3010 333 3076 est?
366 3008 480 3091 Quare
501 3003 559 3086 fit,
587 3015 643 3084 ut,
669 3002 758 3088 quod
772 3003 869 3067 multi
887 3001 1010 3071 frustra
1025 3006 1138 3072 mirati
1150 3019 1246 3090 suut,
1277 3007 1341 3071 ltoc
1363 3008 1506 3072 verbum
1524 3028 1594 3070 non
1610 3011 1778 3074 flectatur.
1798 3045 1843 3060 -
1885 3014 1942 3079 Ita

260 3123 358 3213 etiarn
375 3110 543 3213 perquam
566 3140 636 3184 vox
658 3131 709 3184 est
729 3117 936 3207 explicanda.
980 3120 1072 3188 Nem
1095 3122 1154 3189 ubi
1173 3123 1358 3210 adquam,
1379 3120 1467 3208 quod
1489 3117 1649 3206 significat
1670 3121 1787 3208 aliquo
1806 3124 1942 3212 gradu,
2037 3115 2045 3134 ⁸

257 3262 320 3329 per
332 3233 536 3327 praepositio
551 3232 696 3316 accedit,
720 3234 922 3324 exprimitur
942 3259 1067 3327 magno
1085 3238 1204 3327 aliquo
1221 3237 1349 3328 gradu.
1394 3236 1468 3307 Cic.
1478 3235 1520 3299 de
1537 3235 1631 3302 Orat
1645 3237 1692 3301 ll.
1705 3260 1734 3303 c.
1751 3240 1803 3304 49.
1829 3241 1942 3308 Per-

260 3376 383 3444 quam
404 3348 546 3416 breviter
563 3348 759 3437 perstrinxi.
802 3350 887 3416 Plin.
906 3353 1010 3441 Epist.
1026 3352 1100 3435 Vll,
1114 3362 1167 3420 27,
1189 3356 1363 3442 Perquom
1382 3351 1484 3418 velim
1503 3350 1599 3417 scire.
1620 3387 1665 3400 —
1706 3352 1943 3442 Ριίιιιιιιιιιιιι-Ι
2027 3360 2030 3370 ’

259 3489 361 3556 quam
384 3465 522 3555 proprie
548 3463 659 3530 forma
684 3474 833 3546 tautum,
863 3489 934 3533 non
955 3468 1200 3554 significatione
1226 3495 1246 3537 a
1268 3493 1371 3558 qaum
1388 3466 1516 3551 differe,
1546 3465 1602 3548 (cl.
1616 3471 1644 3550 §.
1662 3473 1690 3533 7.
1707 3475 1739 3549 2,
1757 3471 1799 3547 b.)
1827 3485 1945 3541 tamen

208 3621 212 3629 ·
258 3582 434 3675 paullatim
450 3581 512 3645 hae
536 3601 635 3647 voces
655 3601 718 3645 usu
731 3591 809 3645 sunt
823 3592 856 3646 et
869 3580 1111 3668 significatione
1127 3585 1319 3654 disiunctae.
1362 3586 1452 3650 Nam
1469 3581 1667 3670 quiequam,
1686 3607 1849 3672 usquam,
1872 3611 1956 3654 una

162 3750 171 3759 ,
259 3719 366 3787 quam
387 3696 590 3784 plerumque
610 3715 687 3759 cum
708 3692 939 3780 negationibus
961 3699 1228 3784 coniunguntur,
1252 3701 1354 3787 piam
1374 3700 1514 3764 omnino
1535 3698 1642 3763 rarius
1664 3711 1733 3780 est,
1760 3713 1793 3785 et
1806 3705 1943 3789 gradus,

260 3815 318 3900 qui
339 3813 376 3878 in
392 3834 432 3876 ea
448 3831 532 3875 voce
545 3808 650 3890 inest,
672 3808 779 3893 magis
794 3809 835 3873 ad
851 3834 1031 3878 numerum
1049 3815 1216 3899 quendam
1231 3816 1408 3882 homiuum
1423 3834 1582 3908 rerumve
1598 3813 1764 3899 refertur,
1790 3820 1944 3904 equibus

261 3949 346 3992 uuus
370 3928 473 3992 ιιοιιιο
493 3922 567 3988 sive
587 3944 655 3988 una
674 3945 726 3988 res
747 3923 917 3992 eximitur.
937 3963 982 3977 -
1025 3928 1131 3994 Porro
1153 3931 1219 3996 huc
1236 3933 1379 4019 pertinet
1394 3911 1580 4015 perperam
1604 3930 1765 4010 verbum,
1788 3933 1829 3997 de
1846 3936 1946 4003 cuius
2026 4016 2028 4021 ¹

262 4039 373 4106 radice
393 4041 459 4106 iam
480 4043 509 4122 9
528 4042 576 4106 tt.
599 4050 649 4105 eat
671 4039 883 4125 expositum3
900 4063 1025 4127 peram
1047 4042 1136 4107 enim
1159 4057 1209 4109 est
1230 4045 1360 4114 dativus
1377 4043 1533 4135 antiquus
1548 4041 1718 4110 PARUS
1732 4051 1948 4132 pronominis
1986 4035 2000 4050 ³

263 4167 297 4222 et
317 4151 389 4219 fere
413 4155 523 4222 olium
547 4155 584 4219 in
605 4152 743 4220 modum
749 4154 950 4233 ,aliorsum
968 4157 1151 4242 significat,
1175 4154 1321 4228 Romani
1342 4173 1470 4241 autem,
1493 4155 1552 4220 ubi
1573 4179 1646 4222 rem
1669 4160 1732 4224 alio
1750 4159 1821 4227 fieri
1837 4166 1949 4235 modo

263 4281 364 4358 atque
385 4266 509 4332 iustum
531 4281 716 4357 et‘rectum
738 4280 802 4352 est,
827 4270 1001 4356 videbant,
1025 4271 1060 4335 id
1081 4273 1170 4338 haud
1192 4298 1271 4342 raro
1292 4255 1404 4345 mitius
1422 4285 1456 4339 et
1470 4271 1581 4336 lenius
1598 4290 1855 4361 expresserunt,
1879 4285 1950 4350 alio

261 4398 395 4454 tantum
417 4377 521 4448 modo
544 4379 669 4463 aliquid
693 4384 769 4449 fieri
791 4384 945 4453 dicentes.
990 4386 1107 4472 Itaque
1128 4411 1193 4477 pro
1217 4392 1396 4469 adversus,
1426 4385 1604 4473 infaustus
1624 4388 1661 4452 ιιι
1686 4393 1834 4475 auguriis
1856 4397 1964 4477 alter
2053 4402 2056 4407 ’

263 4499 403 4567 dicitur:
432 4497 545 4566 altem
565 4492 665 4574 avis,
687 4514 770 4580 quae
785 4519 953 4587 prospero
975 4522 1042 4567 uon
1065 4514 1154 4592 erat,
1183 4517 1217 4575 et
1236 4529 1307 4597 pro.
1322 4505 1464 4574 adverso
1484 4498 1627 4568 ‹at-molo
1641 4501 1815 4575 interdum
1830 4512 1950 4584 aliter.
