4320 5414
1866 421 1919 496 98

240 627 309 717 (Cf.
322 622 417 695 Pauli
437 624 531 691 Diec.
553 623 636 688 Exc.
658 643 702 688 ex
715 620 813 687 Festo
828 641 861 709 p.
875 625 907 688 6.
929 641 983 687 ex.
996 612 1168 704 Lindem.)
1209 616 1340 685 Eodem
1361 617 1463 686 modo
1484 617 1610 684 dictum
1627 628 1676 684 est
1694 638 1806 701 aecus,
1827 591 1918 704 quod
2007 610 2009 615 ’

152 798 158 810 ,
206 786 209 793 ·
240 765 346 832 quum
367 741 504 832 propria
526 737 631 803 aliter
647 733 829 822 significet,
850 757 949 826 saepe
969 747 1083 801 tamen
1099 733 1290 822 promote,
1310 755 1463 821 perveree
1476 743 1667 821 usurpaturs
1712 733 1764 800 Cf.
1781 722 1914 799 Sallust.
1971 734 1973 738 ’
2025 773 2028 776 -

204 843 312 943 lug.
326 880 354 926 c.
366 862 419 924 28.
443 853 552 922 Prius
573 851 691 917 omnio
707 850 786 938 poti
804 849 968 929 decrevit,
992 872 1098 938 quam
1114 846 1238 914 bellurn
1256 871 1406 927 sumere,
1429 849 1512 937 ‘qnia
1532 860 1699 916 tentonem
1709 858 1811 913 anteo
1825 868 1918 912 secus
1983 842 1985 846 ’
2041 843 2043 846 ⁴
2142 904 2149 919 ,

241 984 401 1050 cearerat3
424 991 452 1035 c.
467 973 519 1037 27.
543 966 643 1049 Quod
655 964 714 1032 nbi
725 988 817 1031 aecor
827 965 1000 1052 procedit,
1024 986 1129 1052 neque
1149 963 1241 1051 qnod
1261 963 1469 1049 intenderat,
1493 953 1629 1052 efficere
1645 975 1768 1050 potest.
1809 961 1917 1029 Tacit.

179 1104 185 1121 ‘
237 1089 334 1155 Ἁηη.
349 1087 397 1168 ΙΙ,
419 1091 471 1167 80.
500 1081 707 1171 Quanquam
722 1091 839 1167 coepto
857 1104 949 1146 aecus
969 1079 1145 1148 emebant.
1188 1082 1281 1146 Idem
1300 1091 1350 1147 est
1363 1076 1460 1157 ’ἄλλως
1472 1079 1582 1169 graeci
1599 1077 1697 1145 verbi
1709 1099 1806 1162 usus,
1827 1074 1918 1162 quod

234 1202 395 1291 frustra,
417 1202 608 1279 incassum,
630 1212 752 1264 temere
771 1195 944 1282 significat.
986 1197 1094 1262 Hom.
1107 1198 1143 1262 11.
1158 1218 1203 1284 ψ,
1225 1196 1299 1264 144.
1864 1195 1873 1209 ‘

550 1308 708 1402 Enspxei',
735 1308 861 1387 tator
881 1312 932 1380 col
953 1336 987 1398 γε
1007 1305 1111 1401 παεῆρ
1131 1306 1272 1401 dodonec
1295 1309 1428 1397 Πηλεύς,

550 1432 636 1498 seioe'
661 1455 697 1514 με
717 1415 920 1510 mersium«.

241 1551 296 1617 Ite
319 1550 418 1615 etiam
429 1567 615 1636 perperam
636 1547 835 1632 proprov'e,
849 1556 1085 1631 praepostere,
1102 1564 1277 1630 perverse,
1299 1547 1394 1613 mole
1407 1546 1556 1614 Romani
1571 1546 1741 1613 dixerunt.
1783 1541 1917 1608 Sueten.

242 1665 335 1748 Aug.
358 1686 385 1729 e.
403 1667 454 1731 92.
482 1661 522 1726 Si
548 1683 649 1725 mone
677 1658 743 1724 sibi
765 1659 896 1723 calceus
911 1679 1113 1744 perperam„
1143 1681 1186 1723 oc
1200 1660 1344 1728 sinister
1358 1685 1425 1749 pro
1446 1661 1572 1727 dextro·
1586 1658 1809 1725 induceretur.
1849 1655 1919 1720 cie.

244 1780 365 1866 Quint.
386 1800 415 1843 c.
435 1783 467 1844 8.
489 1775 556 1841 seo
578 1786 685 1855 reete,
706 1796 764 1840 eeu
779 1794 964 1861 perperam
978 1770 1149 1859 fecerunt.
1192 1774 1321 1864 ldlpro
1336 1776 1470 1844 Caecin.
1493 1800 1521 1841 c.
1536 1774 1588 1841 24.
1608 1775 1713 1841 Recte
1729 1783 1923 1858 autperpe-

157 1890 189 1953 -'
245 1918 325 1962 rom
347 1891 509 1960 iudicare.
549 1890 624 1960 'Per
654 1889 745 1957 enim
774 1886 980 1977 praepositio
996 1908 1125 1975 peram
1141 1889 1298 1957 vocabuli
1318 1903 1514 1981 potestatem
1536 1891 1630 1957 auxit
1651 1901 1684 1954 et
1704 1884 1857 1954 intendit.
1874 1919 1918 1980 .''''
1947 1948 1949 1955 .

176 2012 179 2017 ’
228 2011 376 2081 *Eadem
404 2006 547 2091 denique
577 2004 630 2072 vis
650 2002 848 2071 intendendi
877 2014 911 2068 et
937 2002 1160 2079 confirmandi
1187 2004 1224 2070 in
1253 2029 1336 2072 nom
1366 2017 1398 2073 et
1418 2006 1501 2074 dom
1521 2006 1617 2072 inest·
1658 2001 1724 2089 (Cf.
1743 1996 1780 2083 '§.
1807 2006 1855 2066 13.
1889 1999 1923 2064 et
1976 2039 1985 2063 .

156 2122 165 2142 ²
245 2134 275 2211 §.
290 2123 357 2213 27.)
377 2159 421 2174 -
461 2121 520 2216 An
548 2119 623 2188 aliis
649 2120 749 2186 etiam
778 2116 1030 2208 inhnominibus
1057 2130 1154 2185 vetus
1182 2119 1495 2189 ista'declinrtionis
1514 2114 1627 2188 forma
1647 2116 1853 2205 reperiaturj
1883 2135 1923 2178 εο

246 2242 352 2328 magis
373 2239 409 2306 in
431 2235 569 2302 dubium
592 2236 706 2302 vocari
725 2245 856 2323 potest,
878 2256 944 2320 quo
965 2233 1125 2305 incertior
1150 2239 1331 2305 verborum
1353 2259 1489 2318 eornm,
1511 2237 1620 2315 elom,
1636 2212 1779 2321 polum,
1796 2228 1925 2317 multi:

242 2355 383 2446 fariam
408 2363 460 2420 est
482 2351 585 2437 origo.

1021 2542 1055 2621 t.
1084 2534 1149 2609 23.

646 2672 705 2731 nu
730 2630 1322 2761 crrnmsoncmusrioms
1353 2678 1537 2736 rourum.

357 2810 411 2877 De
433 2804 677 2897 pronominum
699 2803 887 2871 accusativo
909 2825 987 2869 cusu
1004 2803 1182 2897 singularis
1203 2809 1334 2874 numeri
1354 2809 1383 2874 ei
1407 2811 1487 2896 quid
1512 2822 1562 2878 est
1583 2794 1932 2893 commemorandum*
1962 2874 1971 2886 .
2054 2808 2068 2822 “’

252 2929 289 3010 id
310 2936 441 2993 tentum
467 2921 509 2987 ad
536 2919 738 3011 pronomina
762 2917 954 3006 personalia
973 2920 1127 3009 pertinet.
1174 2922 1271 2988 Nam
1300 2924 1369 3007 ἐμέ,
1397 2927 1450 3003 σε’,
1479 2927 1590 2993 ἕείεε
1618 2929 1679 3013 σφέ
1702 2938 1801 3011 atque
1822 2919 1928 2992 ‚etiarn
1965 2990 1967 2995 ,
2012 2971 2024 2989 ,

194 3090 200 3097 .
254 3039 349 3128 ἄμμε,
369 3035 463 3124 ὔμμε,
483 3035 541 3125 (cl.
560 3037 636 3120 M.
650 3033 697 3121 2.)
718 3048 752 3103 et
772 3043 921 3112 me,·te‚
942 3054 996 3113 se,
1019 3056 1129 3121 neque
1148 3056 1225 3103 cnm
1246 3042 1362 3104 ceteris
1380 3040 1574 3107 nominibus
1593 3051 1801 3131 congruunt,
1820 3053 1930 3120 neque

174 3201 180 3206 -
256 3155 394 3221 omnino
417 3153 578 3239 explicari
596 3161 745 3236 possunt.
796 3149 995 3235 Hartungus
1017 3171 1060 3215 ex
1081 3153 1159 3235 incl,
1185 3155 1248 3231 eei,
1276 3156 1310 3219 si
1333 3154 1454 3220 doricis
1482 3153 1600 3225 formis
1628 3154 1686 3241 (cf.
1707 3157 1735 3237 §.
1757 3149 1826 3235 26.)
1851 3149 1931 3211 istos

150 3309 156 3319 ‚
257 3267 464 3338 accusativos
495 3277 587 3331 ortos
613 3287 684 3331 esse
713 3262 847 3344 credite
876 3261 943 3329 ista
970 3277 1082 3331 autem
1112 3265 1229 3333 dorice
1255 3270 1421 3337 vocabula
1450 3282 1546 3360 putet
1575 3294 1645 3338 esse
1675 3270 1821 3348 dativus,
1850 3281 1933 3350 quos

137 3394 140 3400 '
257 3382 546 3475 prc'accuaativis
582 3401 652 3445 esse
680 3377 844 3445 adhibitos
874 3378 1048 3467 opinatur,
1083 3381 1119 3449 id
1151 3383 1240 3469 quod
1268 3384 1352 3451 mihi
1380 3408 1449 3451 non
1479 3387 1614 3453 videtur
1643 3403 1719 3453 ease·
1742 3379 1934 3452 verisimile.
2039 3355 2073 3392 ⁵

259 3502 352 3568 Nam
372 3510 407 3564 et
423 3496 512 3586 apud
534 3495 635 3562 Indos
655 3503 704 3559 est
725 3492 861 3580 proprie
881 3490 993 3561 forma
1013 3508 1087 3575 mn,
1118 3508 1194 3578 ton,
1208 3516 1211 3529 ·
1224 3520 1328 3587 quae,
1357 3522 1416 3566 arn
1436 3501 1599 3590 particula
1619 3502 1763 3587 adiecta,
1784 3500 1822 3565 in
1841 3500 1934 3564 mrim

217 3684 222 3691 ,
260 3611 295 3682 et
312 3626 404 3680 toem
421 3612 569 3692 transiit,
597 3622 632 3677 et
660 3608 750 3697 apud
764 3603 944 3677 'Romanos
961 3625 1031 3691 me,
1060 3622 1111 3692 te,
1133 3625 1168 3680 rt
1188 3627 1315 3683 extant.

364 3728 405 3793 In
424 3727 668 3815 pronominum
688 3724 919 3812 personalium
939 3727 1095 3794 ablativis
1111 3732 1266 3820 proprias
1288 3730 1415 3798 formas
1435 3732 1530 3814 med,
1560 3733 1636 3816 ted,
1664 3734 1724 3799 sed
1745 3744 1834 3818 essej
1862 3749 1935 3796 eas-
2022 3794 2025 3802 .

140 3871 143 3874 “
262 3868 328 3933 que
344 3842 478 3909 >formes
498 3827 676 3930 perperam
697 3839 739 3907 ad
759 3841 985 3910 accusativum
1005 3843 1105 3910 etiarn
1127 3869 1197 3912 esse
1219 3849 1406 3934 translatas,
1428 3852 1457 3932 §.
1474 3854 1522 3916 19.
1543 3862 1592 3922 est
1613 3852 1812 3940 expositum.
1856 3847 1937 3914 Sin-
1980 3904 1983 3908 .

154 3953 195 3978 ‘'
261 3960 332 4050 guli
351 3957 490 4048 pluralis
510 3955 760 4023 numeri‘cesns
779 3978 800 4023 a
820 3955 957 4045 vulgate
974 3959 1198 4027 declinatione
1216 3984 1372 4049 magnam
1392 3976 1524 4055 partem
1546 3966 1631 4032 nihil
1654 3965 1813 4032 differunt
1820 3987 1832 4045 3
1852 3982 1936 4052 quae

248 4072 472 4146 edmonenda
491 4071 691 4139 videbantur
713 4092 801 4152 esse,
829 4071 871 4138 ds
890 4072 930 4139 iis
951 4075 999 4157 §§‚
1015 4078 1065 4140 17.
1089 4081 1139 4143 18.
1157 4089 1189 4142 et
1206 4082 1257 4144 19.
1278 4093 1327 4148 est
1348 4080 1571 4169 disputatum·3
1595 4082 1636 4149 de
1652 4080 1761 4147 nostri
1775 4091 1807 4147 et
1822 4077 1937 4154 vestri,
1954 4072 1957 4079 ’

262 4203 415 4258 nostrum
434 4201 468 4255 et
485 4197 631 4255 vestrum
650 4185 725 4255 vide
740 4189 769 4269 ᾗ.
782 4187 812 4258 4.
827 4191 859 4255 8.
1795 4259 1797 4262 .

365 4305 483 4371 Dnalis
503 4323 662 4369 numerus
683 4301 772 4389 spud
795 4299 968 4369 Romanoa
986 4303 1173 4391 intercidit3
1204 4280 1292 4401 apud
1315 4308 1463 4378 Graecos
1485 4313 1685 4385 desierint
1707 4315 1745 4383 in
1763 4310 1940 4403 pronomi-

142 4515 148 4520 .
266 4441 349 4489 num
364 4416 814 4516 personaliumnomiuptivo
833 4429 975 4486 ecetera
990 4417 1214 4490 declinatione
1227 4426 1437 4513 aliquantum
1455 4406 1632 4522 discrepet.
1674 4433 1764 4501 Nam
1780 4427 1818 4496 in'
1831 4441 1940 4499 cetere
2022 4465 2038 4495 -,

212 4531 215 4535 ’
264 4555 385 4628 graeca
407 4531 628 4603 declinatione
655 4531 761 4625 dualis
782 4535 923 4641 numeri
943 4526 1174 4618 nominativus
1196 4538 1233 4609 in
1259 4543 1443 4613 muculino
1463 4567 1588 4635 genere
1608 4568 1635 4619 as
1652 4547 1801 4643 litteram
1822 4546 1942 4634 habet3
2008 4617 2012 4625 .
2131 4599 2134 4606 ·
