4320 5414
1821 391 1879 478 ‘ti

190 608 278 684 quae
297 594 349 661 in.
359 618 399 661 eo
422 578 604 676 versetur,
624 589 684 680 qui
700 611 893 680 pronomen
917 590 1219 660 demonstrativum
1240 593 1339 661 etiam
1358 593 1592 703 indefinitum,
1613 600 1703 699 quod
1719 615 1876 689 vocatur,

191 732 381 799 pronomen
400 694 591 797 significare
609 706 770 797 potuerit.
811 707 904 774 Nam
923 706 1025 797 plane
1045 709 1213 776 contraria
1234 701 1334 798 atque
1355 710 1444 779 inter
1462 736 1499 779 ιι
1520 716 1676 804 opposita
1697 716 1877 787 credideris
1961 734 1963 739 ’

125 860 144 893 e
192 826 276 894 liaeo
291 849 361 893 esse
379 822 601 916 pronomina,
625 841 730 908 quum
748 820 963 892 indefinitum
977 847 1031 891 res
1046 823 1209 910 incertas,
1232 824 1409 892 definitum
1428 849 1482 894 res
1498 841 1604 897 certas
1619 811 1768 901 indicare
1783 821 1877 902 dica-

190 952 256 1008 tnr.
300 939 414 1007 Sed
386 962 416 1004 ιι
435 937 646 1028 pronominis
642 920 836 1008 indefiniti
854 940 1032 1044 notionem
1057 953 1211 1011 accurate
1227 941 1392 1030 expendis
1407 953 1442 1008 et
1460 942 1651 1030 examinas,
1673 948 1732 1015 sslo
1746 971 1876 1038 prono·
1897 1002 1900 1007 Α

186 1056 282 1123 mine
301 1053 432 1121 videbis
453 1052 601 1142 exprimi
614 1077 685 1120 non
698 1055 828 1142 plene
816 1066 977 1143 ιιιοιιιιι,
998 1058 1105 1124 sed
1075 1081 1145 1126 erus
1157 1058 1250 1125 modi
1261 1080 1333 1140 res,
1358 1079 1443 1146 quaa
1462 1082 1481 1124 ι
1497 1068 1606 1125 οιιιιι
1618 1064 1800 1131 earundem
1818 1088 1875 1132 ra·

188 1189 269 1240 rum
296 1170 382 1236 serie
405 1191 443 1236 ao
465 1190 608 1236 numero
638 1182 811 1256 exemtus,
839 1170 989 1260 singulae
1008 1174 1116 1240 menti
1142 1184 1273 1241 nostrae
1297 1173 1531 1239 obversentur.
1574 1175 1712 1241 Nam
1685 1200 1723 1242 ιι
1733 1177 1874 1246 dicimus
1974 1250 1980 1258 ,

188 1287 283 1371 γυνή
304 1311 381 1370 τις,
403 1285 484 1351 haec
500 1285 649 1352 mulieris
665 1286 759 1354 notio
773 1287 958 1376 nonplane
972 1303 1168 1387 regantque
1183 1290 1311 1357 incerta
1325 1300 1383 1373 ιιι,
1407 1288 1567 1374 sedeam,
1584 1312 1774 1378 quanquam
1784 1309 1874 1362 cete·
1941 1379 1950 1392 μ

119 1385 122 1389 ’
185 1423 321 1483 rarum,
345 1402 491 1488 quibus
480 1424 620 1488 insigms
635 1415 696 1486 est,
718 1414 876 1469 notarum
890 1402 1142 1490 srgmfiratione
1151 1405 1352 1487 destitutam,
1376 1415 1488 1472 tamen
1504 1415 1628 1471 certam
1644 1430 1733 1492 esse,
1755 1409 1873 1475 stein·
1909 1386 1911 1390 Α
1942 1488 1945 1492 ,

187 1517 339 1603 gulanam
362 1519 478 1583 animo
500 1528 696 1608 conceptam
715 1530 750 1583 et
770 1517 811 1583 ab
828 1519 899 1585 aliis
923 1518 1073 1584 eiusdem
1087 1540 1217 1607 generis
1230 1520 1329 1587 rebus
1341 1530 1503 1587 secretam
1518 1520 1734 1608 profitemur
1775 1521 1872 1590 Idem
1976 1591 1979 1597 ,

187 1629 262 1698 fere
275 1631 315 1699 fit
331 1633 534 1722 pronomine
549 1624 840 1714 demonstrativo,
848 1620 951 1697 cuiuis
956 1614 1267 1702 demonstratione
1256 1648 1338 1701 rtem
1352 1658 1404 1701 ιιι
1416 1620 1577 1720 singulae,
1600 1648 1741 1702 ecetero
1755 1660 1871 1704 rerum

187 1747 308 1813 ordine
335 1759 511 1837 exceptae,
548 1747 652 1813 oculis
677 1747 799 1813 nostris
828 1726 1058 1814 subiiciuntur.
1109 1748 1331 1835 Quocirca
1305 1742 1332 1813 ιι
1359 1770 1549 1837 pronomen
1570 1749 1871 1820 demonstrativum
1949 1757 1960 1821 ζ

127 1873 128 1877 ’
186 1861 406 1930 adhibebatur
425 1864 468 1929 ad
488 1887 541 1930 res
558 1884 663 1928 manu
684 1860 921 1942 ostendendas,
941 1861 1032 1928 idem
1055 1862 1154 1929 facile
1168 1864 1374 1932 ad'mentem
1390 1876 1490 1948 atque
1505 1863 1739 1950 cogitationem
1756 1878 1869 1936 ιιιιιι-

183 1975 268 2043 ferri
292 1978 404 2066 potnit
429 1991 527 2065 atque
554 1975 765 2066 pronominis
793 1974 957 2042 indefiniti
985 1978 1265 2064 significationem
1289 1980 1448 2070 accipere.
1480 1977 1676 2064 ¹Quoniam
1696 1994 1810 2050 autem
1831 1985 1891 2052 in»

182 2095 386 2183 pronomine
404 2092 581 2160 indefinito
600 2091 715 2159 minor
736 2103 785 2159 ιιι
803 2090 1052 2159 demonstrandi
1068 2095 1119 2159 vis
1133 2107 1233 2182 atque
1245 2107 1407 2184 potestas,
1429 2093 1465 2160 id
1479 2083 1683 2163 vocabulum
1697 2119 1787 2186 pone
1802 2099 1869 2164 alia

176 2209 384 2298 ,plerumque
402 2210 588 2299 peniteret
603 2208 736 2274 minore
750 2217 905 2275 accentus
922 2208 959 2274 vi
974 2210 1183 2277 enuntiatur·
1228 2211 1384 2297 Denique
1398 2209 1668 2297 interrogationis
1682 2232 1816 2301 quoque
1830 2213 1867 2279 in

180 2349 283 2393 nsum
303 2325 394 2393 idem
415 2347 606 2414 pronomen
624 2321 841 2389 indefinitum
862 2323 1050 2392 adhibitum
1066 2337 1124 2392 est.
1169 2323 1272 2411 Quod
1287 2323 1467 2392 liocmodo
1482 2321 1609 2391 sactum
1622 2347 1693 2392 esse
1709 2326 1868 2396 arbitror.
1928 2327 1934 2350 ’

179 2442 289 2510 Primi
309 2441 364 2508 isti
384 2441 555 2522 homines,
579 2439 680 2505 rudes
699 2414 736 2500 in
756 2438 896 2503 dicendo
911 2452 953 2525 ,ιι
973 2441 1107 2520 inculti,
1130 2459 1235 2520 quum
1256 2441 1383 2503 vellent
1396 2461 1439 2502 ex
1452 2437 1516 2502 alio
1535 2439 1614 2518 quid
1632 2461 1810 2526 quaerere,
1830 2444 1865 2508 id

182 2578 254 2623 nou
277 2567 346 2620 tam
368 2553 531 2640 singulari
552 2551 736 2643 uocabulo,
757 2551 814 2616 sed
836 2561 930 2642 gestu
945 2550 1055 2637 potius
1077 2561 1110 2614 et
1129 2571 1214 2614 sono
1229 2549 1320 2615 vocis
1334 2547 1510 2615 faciebant.
1555 2549 1728 2634 Quoniam
1749 2568 1864 2624 autem

181 2674 220 2739 in
234 2667 425 2760 quaerendo
448 2666 660 2759 pronominis
675 2663 861 2745 indefiniti,
882 2684 949 2749 qno
967 2686 1022 2728 ιιι
1040 2662 1203 2748 quaedam
1223 2661 1547 2748 menuobversans,
1569 2686 1640 2730 non
1662 2665 1765 2733 oculis
1780 2671 1863 2736 sub-

180 2791 268 2856 iecta
287 2781 510 2873 significatur,
532 2781 691 2868 frequens
712 2791 786 2847 erat
806 2799 903 2862 usus,
924 2777 1098 2866 paullatim
1115 2775 1324 2872 factumest,
1351 2790 1391 2844 ut
1402 2776 1467 2843 hoc
1479 2800 1669 2867 pronomen
1681 2784 1863 2869 pronomi-

179 2904 234 2972 nis
252 2898 487 2986 intenugetivi
504 2910 617 2986 partes
629 2896 820 2985 susciperet.
866 2895 981 2982 Quare
997 2891 1022 2958 ii
1041 2892 1124 2958 mihi
1139 2892 1176 2958 in
1191 2914 1311 2978 magno
1327 2892 1486 2960 videntur
1498 2917 1613 2965 errore
1631 2897 1775 2979 versari,
1800 2900 1859 2983 qui

180 3023 250 3089 iam
272 3014 452 3103 antiquitus
472 3012 655 3101 singularia
678 3011 919 3131 interrogativa
939 3008 1142 3128 pronomina
1164 3009 1380 3097 eiusdemque
1400 3009 1532 3097 generis
1556 3011 1740 3105 Ριιιὶιιιιιςι
1757 2997 1860 3079 fuiss,

180 3158 202 3201 ο
227 3139 373 3201 ἰιιιιιιιιι.
1295 3202 1301 3209 ,

205 3158 226 3222 p
284 3245 533 3334 5>Hae1gitur
553 3240 706 3314 notiones
728 3254 845 3313 omnes
870 3245 1051 3344 antiquitus
1071 3227 1140 3313 uno
1163 3205 1363 3335 pronomine
1379 3242 1642 3309 demonstrativo
1655 3242 1857 3330 significatae
1960 3298 1962 3302 ψ

177 3377 275 3449 sunt,
296 3385 398 3445 voce,
418 3384 500 3429 sono
523 3375 624 3449 atque
645 3377 738 3449 gestu
757 3362 954 3446 adiuvante,
977 3377 1010 3429 ιι
1030 3362 1066 3428 in
1081 3383 1261 3446 quemnam
1276 3360 1416 3426 modum
1430 3380 1619 3446 pronomen
1633 3359 1856 3428 essetintelli-

179 3484 338 3574 gendum,
362 3477 563 3545 declarante.
605 3478 846 3545 Verumtamen
861 3477 1002 3567 pristina
1016 3478 1072 3543 illa
1087 3472 1277 3542 indicendo
1293 3474 1387 3562 quasi
1400 3470 1542 3540 infantia
1553 3471 1731 3561 paullatim
1746 3475 1791 3543 ita
1806 3490 1855 3543 est

177 3608 353 3689 superata,
381 3605 420 3660 ut
440 3593 587 3660 redicem
610 3594 821 3682 pronominis
847 3592 1100 3695 demonstrativi
1123 3614 1181 3672 eo,
1216 3613 1285 3681 quo
1306 3589 1470 3672 vidimus,
1499 3587 1602 3652 modo
1622 3587 1854 3674 immutarent,

178 3714 286 3781 variae
313 3711 383 3775 eius
410 3707 536 3776 formas
564 3709 808 3795 distinguerent
835 3720 868 3775 et
895 3731 955 3775 sua
975 3695 1239 3794 unumquodque
1260 3725 1450 3794 pronomen
1475 3724 1556 3767 voce
1578 3700 1744 3769 efferrent.
1787 3705 1852 3769 Sed

177 3830 376 3917 quibusnam
398 3825 612 3913 potissimum
625 3823 753 3917 ‚formis
776 3824 818 3890 ad
841 3819 1200 3911 singula'pronominis
1222 3815 1479 3885 demonstrativi
1498 3837 1621 3902 genera
1636 3815 1853 3902 significanda

177 3944 228 4012 uti
252 3942 397 4021 vellent,
434 3939 469 4004 id
499 3962 604 4030 penes
632 3920 843 4036 singulorum
872 3938 1080 4029 populorum
1108 3936 1286 4002 arbitrium
1309 3944 1391 4034 erat.
1434 3931 1559 4016 ‘Itaque
1586 3931 1672 3998 aliae
1699 3926 1852 4001 nationes

140 4059 259 4138 ‘'alias
279 4054 406 4121 formas
427 4053 650 4150 adsciverunt.
694 4054 773 4123 lndi
794 4055 884 4149 enirn
897 4054 1033 4138 forma,
1064 4078 1084 4118 a
1106 4048 1126 4116 t
1148 4050 1346 4161 incipiente,
1375 4067 1582 4137 pronomen
1579 4045 1798 4114 indefinitum
1821 4061 1852 4114 et

161 4165 454 4259 'interrogativum
463 4143 722 4257 significarunt,
732 4144 852 4267 (nam
865 4168 942 4267 las,
964 4167 1032 4267 lq,
1055 4164 1124 4233 kim
1146 4156 1303 4258 primitus
1320 4169 1513 4255 pronomen
1534 4159 1750 4227 indefinitum
1769 4161 1852 4243 fuit3

179 4300 274 4392 pest,
295 4292 399 4372 quum
421 4287 504 4352 haec
520 4284 662 4353 forma
652 4285 888 4383 interrogativi
907 4283 1117 4373 pronominis
1139 4294 1295 4348 naturam
1316 4279 1497 4383 induistet,
1528 4263 1702 4343 indelinito
1723 4296 1851 4363 prono·
1870 4326 1873 4333 .

178 4403 281 4483 ιιιίιιί,
302 4399 421 4466 utab
410 4402 657 4488 mterrogativo
665 4398 943 4498 distinguerelnr',
965 4411 1105 4465 etsuam
1118 4415 1338 4483 unaquaeque
1352 4367 1593 4507 pronominum
1607 4386 1851 4477 s'pecieshabe-
1942 4454 1945 4459 ,
1979 4455 1984 4465 ,

177 4518 232 4588 re't
236 4491 414 4598 immam,
436 4515 518 4581 nete
514 4514 598 4582 d<et
618 4515 683 4583 ts'c'l
679 4514 759 4582 tam
774 4504 964 4650 particulae
972 4492 1102 4580 additae
1115 4521 1193 4578 sunt
1195 4509 1227 4597 ,)
1238 4510 1351 4580 forme
1359 4508 1432 4580 'alia
1439 4496 1771 4612 demonstrativum,
1786 4504 1851 4572 alia

492 4634 504 4655 ’
1423 4623 1451 4689 E
1474 4625 1496 4687 2
