4320 5414
222 364 283 462 ss

232 582 326 652 Veiis
348 577 542 648 incendium
563 590 676 649 ortum
692 579 758 660 sis,
787 577 939 646 Fidenas
958 577 1036 646 inde
1052 590 1116 646 aut
1138 575 1284 659 Gabios,
1307 575 1501 644 aliamue
1523 603 1647 669 quam
1668 583 1786 651 urbem
1805 595 1915 674 quac·

227 698 332 767 citari
351 723 484 779 sumus,
507 719 573 786 quo
590 695 881 788 transmigremus.
924 694 992 787 (Cf.
1010 695 1264 773 Drakenborch.
1278 693 1322 761 ad
1334 694 1412 762 Liv.
1428 695 1474 781 V,
1490 699 1541 780 13,
1556 696 1602 783 4.)
1896 769 1900 775 ,

335 815 367 904 c)
390 814 574 904 Quispiam
594 827 628 881 ct
649 812 829 901 quisquam
853 837 871 880 e
892 812 1096 902 pronomine
1115 810 1292 880 indefinito
1306 820 1339 879 et
1355 832 1461 900 quam
1474 823 1509 879 et
1517 813 1619 900 piam
1633 816 1809 902 particulis
1819 836 1920 884 com·

228 929 340 1023 'posita
360 944 458 1013 suut3
490 943 670 1017 utramque
693 941 807 997 autem
827 929 1029 1020 particulam
1048 951 1117 997 uno
1138 954 1158 996 e
1180 928 1384 1020 pronomine
1397 925 1576 996 indefinito
1593 953 1664 996 esse
1680 929 1866 1017 derivatqm
1882 944 1921 1000 ot

229 1048 370 1136 proprie
391 1047 531 1113 eandem
554 1046 680 1113 habere
700 1045 1002 1134 significationem,
1023 1049 1053 1130 §.
1065 1053 1096 1114 7.
1111 1053 1142 1129 2,
1156 1071 1185 1114 c.
1208 1057 1244 1115 et
1263 1049 1293 1130 §.
1306 1047 1360 1112 22.
1382 1044 1651 1113 demonstratum
1673 1068 1743 1111 esse
1762 1048 1919 1128 arbitror,

228 1161 286 1229 Ad
301 1161 518 1230 indefinitum
538 1162 640 1249 igitur
659 1185 850 1251 pronomen
870 1165 1023 1245 accessit,
1045 1164 1095 1230 uti
1110 1187 1210 1252 saepe
1231 1162 1286 1247 fit,
1314 1162 1478 1250 particula
1490 1160 1674 1227 indefinita.
1721 1161 1835 1245 Quam
1855 1184 1923 1228 au·

231 1289 299 1342 tem
322 1289 355 1343 et
367 1278 472 1363 piam
487 1279 740 1345 contentionem
756 1281 924 1366 quandam
942 1292 973 1346 et
990 1291 1046 1347 ant
1067 1278 1168 1346 totius
1188 1277 1374 1344 sententiae
1394 1275 1567 1342 autetiam
1584 1268 1760 1363 singularis
1780 1277 1922 1344 alicuius

229 1392 379 1459 notionis
401 1393 497 1478 quasi
518 1393 812 1480 exaggerationem
834 1395 1004 1482 quandam
1024 1394 1210 1461 continent.
1255 1395 1373 1480 Itaque
1393 1391 1606 1480 pronominis
1618 1390 1789 1457 indefiniti
1805 1392 1925 1458 notio·

229 1530 309 1573 nem
331 1494 472 1575 dilatant
491 1508 589 1594 eique
614 1509 777 1575 maiorem
799 1511 870 1576 vim
895 1509 1041 1593 addunt3
1070 1521 1219 1578 attamen
1242 1509 1328 1574 duae
1349 1507 1499 1590 formae,
1523 1529 1609 1592 quae
1624 1507 1763 1595 proprie
1779 1506 1922 1573 eaedem
1998 1565 2003 1572 .

229 1621 369 1691 fuerunt
388 1636 421 1690 et
442 1624 544 1714 plane
567 1625 658 1691 idem
680 1623 927 1711 significarunt,
948 1626 1122 1715 paullatim
1145 1646 1209 1690 usu
1224 1624 1406 1689 disiunctae
1420 1633 1499 1688 sunt
1513 1633 1618 1687 etsua
1632 1625 1765 1710 utrique
1780 1622 1922 1711 propria

228 1738 279 1804 vis
300 1762 339 1804 ac
358 1751 506 1827 potestas
529 1740 702 1807 attributa.
746 1741 837 1807 Nam
858 1741 1033 1830 quispiam
1053 1740 1207 1828 inprimis
1227 1737 1264 1804 in
1284 1737 1587 1820 enuntiationibus,
1607 1758 1693 1823 quae
1717 1751 1828 1804 mente
1848 1737 1923 1804 fin-

228 1868 371 1939 guntur,
396 1866 457 1920 aut
476 1878 520 1921 ex
543 1854 607 1920 alia
627 1853 775 1943 pendent
791 1857 896 1923 animi
916 1856 1138 1942 cogitatione,
1159 1864 1359 1942 usurpatur,
1377 1851 1555 1937 additaque
1570 1853 1673 1939 piam
1693 1855 1821 1941 syllaba
1837 1876 1923 1919 sen-

228 1968 370 2036 tentiam
392 1946 435 2034 ad
456 1991 590 2051 omues,
613 1969 655 2033 ad
676 1989 892 2057 quoscunque
914 1971 1038 2060 possit,
1067 1979 1216 2057 spectare
1240 1979 1274 2033 et
1294 1966 1432 2035 maioris
1455 1969 1571 2054 copiae
1593 1986 1633 2033 ac
1653 1968 1788 2032 numeri
1807 1968 1921 2033 ratio-

228 2106 309 2148 nem
328 2082 444 2150 haberi
467 2082 669 2149 declaratur.
713 2084 830 2170 Quare
848 2109 919 2150 uon
944 2098 1037 2153 recte
1056 2105 1166 2169 neque
1191 2080 1413 2150 Heindorlius
1434 2081 1477 2148 ad
1501 2082 1638 2149 Horatii
1661 2083 1759 2149 Satir.
1773 2083 1800 2166 l,
1818 2080 1849 2164 4,
1865 2083 1928 2175 36,

228 2220 338 2285 neque
359 2198 415 2286 qui
436 2220 514 2265 eum
533 2210 666 2265 secutus
689 2210 740 2264 est
759 2198 964 2267 Matthiaeus
984 2202 1026 2266 ad
1050 2199 1118 2265 Cic.
1143 2199 1204 2266 Or.
1223 2221 1286 2286 pro
1309 2198 1407 2263 Rosc.
1427 2195 1506 2264 Am.
1530 2198 1561 2281 §.
1582 2202 1632 2264 83.
1660 2199 1923 2285 contenderunt,
2001 2190 2005 2202 ⁴

122 2351 128 2363 ν
229 2312 403 2401 quispiam
424 2313 514 2379 idem
536 2336 624 2397 esse,
646 2314 737 2400 quod
756 2314 893 2403 aliquia
937 2317 1028 2381 Nam
1049 2315 1078 2378 si
1096 2315 1213 2381 Cicero
1239 2311 1371 2380 cassin.
1390 2317 1439 2379 10.
1464 2308 1593 2395 ⁸Utrum
1611 2312 1773 2400 gravius,
1793 2315 1920 2398 inquit,

133 2466 138 2479 ·
229 2427 266 2492 in
293 2427 535 2516 quempiam
560 2427 632 2493 dici
652 2440 784 2514 potest,
816 2453 921 2520 quam
946 2430 995 2494 ad
1016 2429 1186 2494 homiaem
1208 2411 1517 2506 condemnandum,
1549 2449 1647 2515 quem
1666 2451 1841 2516 nunquam
1860 2430 1921 2497 vi-

227 2541 350 2619 disset,
373 2565 476 2637 neque
496 2541 669 2623 audisset,
697 2543 885 2610 adductum
902 2545 1017 2633 pretio
1039 2546 1132 2609 csse?
1165 2543 1264 2611 facile
1283 2557 1442 2630 apparet,
1473 2541 1630 2630 aliquem
1645 2541 1675 2606 si
1695 2543 1760 2607 isto
1783 2542 1820 2608 in
1841 2544 1920 2611 loco
1964 2548 1976 2557 “

226 2659 380 2743 dixisset,
412 2669 543 2723 certum
569 2659 737 2745 quendam
768 2640 1026 2748 intelligendum
1056 2659 1178 2742 fuisse,
1216 2681 1320 2747 quum
1348 2659 1547 2745 quempiam
1577 2679 1622 2724 ex
1647 2668 1719 2723 toto
1740 2658 1922 2729 hominum
2004 2744 2008 2755 ι

225 2793 388 2856 numero,
416 2772 475 2857 qui
493 2772 634 2862 maguus
656 2797 726 2840 csse
742 2790 872 2865 potest,
900 2775 1103 2862 singularem
1125 2775 1279 2859 quidem,
1301 2775 1358 2841 sed
1376 2795 1611 2860 quemcunque
1620 2772 1798 2859 significet.
1841 2776 1923 2840 Ne-

225 2906 292 2973 que
305 2888 357 2971 id,
380 2888 471 2976 quod
490 2888 612 2955 volunt
632 2889 707 2973 isti,
738 2890 813 2957 loco
836 2890 1039 2959 eCiceronis
1060 2889 1148 2955 libro
1171 2890 1213 2956 do
1237 2880 1334 2957 Orat.
1358 2889 1404 2955 ll.
1427 2912 1455 2954 c.
1478 2892 1511 2953 9.
1532 2888 1640 2976 petito
1670 2885 1823 2955 efficitur.
1866 2891 1922 2958 Ibi

229 3001 320 3065 enim
343 3001 506 3088 scriptum
534 3016 602 3067 est:
628 3004 678 3069 ·Si
704 3002 746 3070 de
768 3003 865 3071 rebus
886 3005 1021 3072 usaticis
1040 3004 1197 3093 agricola
1223 3004 1445 3091 quispiam
1466 3013 1532 3068 aut
1552 3001 1595 3066 de
1608 3003 1785 3089 pingendo
1800 3005 1931 3091 pictor

229 3113 277 3179 al
282 3113 378 3202 iqui
382 3138 400 3179 s
430 3114 555 3183 diserte
582 3117 709 3195 dixerit
736 3132 799 3187 aut
824 3120 1015 3209 scripserim
1045 3106 1261 3184 maiestras
1283 3119 1371 3187 artis
1394 3114 1666 3206 illiusputaada
1687 3128 1736 3182 esc
1758 3117 1923 3206 eloquem-
1956 3132 1962 3145 ⁴
2024 3160 2029 3173 ·

228 3230 290 3294 tia.
334 3230 569 3318 Agricolarum
601 3234 691 3299 enim
721 3247 816 3302 tanta
842 3233 907 3299 fuit
928 3234 1126 3317 multitudo,
1161 3247 1201 3302 ut
1223 3258 1267 3300 cx
1296 3235 1346 3299 his
1378 3233 1478 3299 multi
1505 3255 1575 3298 esse
1605 3244 1761 3319 possent,
1789 3234 1848 3319 qui
1877 3236 1925 3303 de

228 3344 329 3410 rebus
353 3347 485 3413 rusticis
508 3347 632 3415 diserte
650 3348 803 3419 dicerent
829 3365 887 3419 aut
907 3351 1113 3434 scriberent3
1145 3351 1315 3439 pictorum
1337 3360 1472 3430 contra,
1499 3348 1526 3413 si
1543 3369 1622 3412 cum
1645 3345 1800 3433 agricolis
1821 3372 1926 3417 com·

229 3475 410 3549 parantur,
432 3474 466 3528 et
486 3465 615 3532 Romae
637 3475 672 3531 et
693 3464 803 3532 ubivis
826 3477 896 3533 tam
918 3467 1057 3554 exiguus
1079 3476 1152 3532 erat
1173 3487 1353 3550 numerus,
1375 3477 1414 3532 ut
1435 3482 1576 3545 eorum,
1596 3462 1656 3548 qui
1680 3461 1721 3526 de
1746 3462 1928 3549 pingendo·

165 3636 171 3643 .
231 3573 354 3641 diserte
379 3577 490 3644 dicere
518 3592 669 3669 possent,
700 3580 807 3646 multo
837 3581 959 3647 certior
987 3591 1021 3646 et
1049 3581 1254 3646 luculentior
1284 3579 1379 3646 notio
1407 3571 1565 3646 Ciceroni
1593 3577 1767 3643 obversari
1796 3594 1928 3664 posset.

229 3691 353 3777 Neque
376 3692 575 3782 Grysarium
597 3695 801 3761 audiendum
823 3719 893 3762 esse
914 3695 1076 3778 arbitror,
1107 3684 1223 3781 quiin
1246 3693 1337 3760 libro
1356 3695 1488 3782 egregio
1510 3716 1613 3784 supra
1636 3692 1772 3757 laudato
1793 3716 1827 3781 p.
1847 3701 1924 3762 108.

234 3806 405 3894 quispiam
429 3831 473 3873 ex
496 3809 723 3899 aliquispiam
748 3824 957 3878 contractum
987 3823 1020 3876 et
1048 3824 1244 3899 correptum
1267 3833 1337 3875 csse
1358 3821 1472 3897 putat,
1502 3821 1537 3876 et
1563 3810 1651 3876 hanc
1673 3806 1820 3872 formam
1844 3810 1927 3895 ple-

234 3937 313 3992 nam
340 3934 373 3988 ct
392 3923 597 4012 absolutam,
625 3926 719 3992 ittsm
743 3929 780 3993 in
810 3927 944 3994 brevius
973 3936 1182 3992 contractam
1213 3935 1248 3991 et
1275 3925 1464 3993 mutilatam
1496 3938 1605 3992 vocat.
1648 3925 1739 3990 Nam
1765 3923 1925 4008 primurn

235 4029 457 4122 aliquispiam
484 4038 594 4105 multo
625 4053 674 4109 est
699 4045 825 4127 rarius,
856 4040 978 4108 deinde
999 4062 1085 4128 quae
1105 4041 1294 4108 differentia
1313 4040 1350 4107 in
1372 4040 1424 4106 his
1446 4039 1558 4108 verbis
1578 4041 1639 4122 sit,
1668 4037 1766 4105 facile
1785 4027 1929 4126 perspi·

236 4146 331 4213 citur.
376 4151 435 4214 Est
456 4156 546 4219 enim
564 4150 700 4239 cadem,
724 4180 809 4246 quae
830 4158 919 4224 inter
941 4154 1069 4244 aliquis
1091 4168 1127 4223 et
1149 4155 1225 4245 quis
1246 4155 1349 4222 verba
1368 4156 1557 4225 intercedit.
1602 4153 1929 4234 cte.'rusc.111,9.

193 4264 198 4274 ’
237 4259 336 4329 Num
361 4285 482 4328 manus
510 4266 641 4354 affecta
663 4282 750 4338 recte
775 4284 842 4352 est,
873 4295 950 4337 cum
974 4271 1010 4336 in
1032 4281 1163 4336 tumore
1191 4272 1265 4336 eal?
1284 4282 1459 4358 'autynum
1480 4256 1792 4362 aliquodpiam
1814 4286 1936 4336 metm·

237 4376 336 4446 lam
359 4375 530 4446 tumidum
551 4401 593 4441 ac
613 4385 789 4470 turgidum
810 4382 876 4451 nou
897 4387 1017 4454 vitiose
1037 4409 1072 4452 se
1092 4383 1215 4451 tabes?
1251 4386 1342 4451 Nam
1364 4384 1549 4475 quodpiam
1570 4387 1727 4453 omnium
1748 4379 1937 4455 membr&

238 4499 314 4560 rum
336 4496 502 4562 rationem
519 4493 637 4582 habet,
666 4495 719 4560 ali
739 4499 879 4581 indicat,
902 4524 945 4569 ex
965 4501 1017 4568 his
1038 4521 1145 4568 uuum
1166 4499 1300 4587 aliquod
1319 4522 1339 4566 a
1358 4500 1477 4567 ceteris
1497 4501 1546 4569 ita
1559 4502 1674 4570 animo
1688 4502 1861 4593 separari,
1892 4516 1934 4573 ut
