4320 5414
1854 388 1959 488 aa

228 598 677 670 nihilhabentdiffioultatis.
719 597 813 665 Nam
827 598 864 665 in
881 597 951 684 μοὶ,
973 599 1040 678 ool,
1062 602 1099 668 οἵ
1109 598 1256 689 simplex
1272 602 1336 669 aad
1352 603 1499 670 radicem
1514 615 1563 671 est
1577 607 1779 696 appositum·
1823 612 1905 680 Hue

183 701 184 704 Ἴ
229 714 329 785 etiam
350 724 400 787 rot
425 705 730 796 est'rererendum,
767 706 810 778 de
837 736 907 802 quo
925 720 954 798 §.
974 721 1005 782 9.
1029 723 1059 783 3.
1082 728 1195 783 actum
1218 730 1277 783 est.
1322 718 1363 783 ld
1385 738 1488 804 quum
1511 723 1645 811 proprie
1665 722 1846 813 aliquisita
1868 750 1904 795 re

228 835 405 920 significet,
438 829 607 918 quomodo
631 828 823 895 affirmandi
846 845 880 897 et
900 833 1113 899 asseverandi
1132 833 1203 902 vim
1218 821 1326 920 possit⁴
1341 834 1507 921 accipere,
1522 836 1566 901 'id
1579 836 1677 906 facile
1690 834 1907 929 intelligitur}
1999 891 2008 906 .

228 936 307 1017 nain
334 953 362 1016 si
391 948 445 1013 cui
468 946 517 1010 rei
543 967 690 1010 caussam
716 948 849 1010 subesse
879 969 984 1033 eaque
1008 960 1168 1035 tanquam
1189 947 1408 1014 fundamento
1429 949 1492 1014 niti
1516 935 1673 1034 dicimus,
1705 956 1736 1020 ei
1760 958 1905 1026 multum

226 1065 430 1134 auctoritatis
451 1042 583 1128 accedit.
602 1097 646 1111 -
690 1060 921 1128 Romanorum
944 1063 1074 1129 formae
1095 1065 1144 1143 ei,
1174 1063 1271 1142 huic,
1304 1064 1379 1143 cui,
1398 1064 1486 1143 olii,
1509 1066 1701 1146 uni,‚utri,
1724 1071 1905 1138 alteriue-

226 1183 365 1263 minem,
380 1177 999 1257 cuidativuminzexissenotumest,
1018 1179 1205 1245 offendunt.
1247 1180 1323 1244 Hac
1338 1203 1407 1245 una
1420 1191 1549 1246 tantum
1564 1205 1602 1247 re
1616 1182 1795 1289 differunt,
1816 1189 1937 1272 quod‘
2008 1221 2016 1232 ·

227 1299 264 1363 in
284 1295 400 1361 ceteris
419 1293 645 1360 nominibus'
631 1317 644 1357 ι
666 1293 774 1357 littera
794 1314 868 1358 cum
891 1293 1107 1361 antecedente
1128 1294 1236 1360 vocali
1256 1317 1357 1383 saepe
1371 1296 1541 1381 coalescrt,
1566 1296 1684 1382 quod
1674 1320 1710 1363 m
1722 1299 1774 1364 ius
1787 1299 1904 1367 formu
1963 1365 1966 1368 ,
2070 1357 2074 1363 .

207 1395 299 1500 'nou
315 1422 364 1477 est
382 1409 517 1475 factum.
1764 1476 1767 1481 ,

333 1536 367 1606 3)
333 1528 466 1595 H30c
486 1527 587 1592 etiam
608 1527 684 1591 loco
705 1525 784 1610 quid
805 1525 847 1591 sit
868 1525 1084 1592 statuendum
1107 1526 1148 1599 de
1164 1521 1253 1606 ol,⁸
1234 1553 1322 1612 onos,
1346 1539 1404 1595 ποῖ
1418 1539 1452 1593 et
1467 1529 1618 1595 ἐνταυθοῖ
1631 1527 1816 1620 adverbiis,
1841 1557 1904 1601 ex-

102 1661 105 1666 ’
134 1725 138 1731 ,
227 1644 423 1736 ponendum
437 1651 496 1706 est.
543 1640 750 1707 Graecorum
769 1663 863 1707 casus
879 1641 1026 1721 dativus,
1050 1641 1107 1726 qui
1125 1654 1283 1727 vocatur,
1307 1663 1497 1729 quanquam
1513 1643 1651 1731 proprie
1667 1656 1717 1710 est
1728 1647 1904 1732 locaums,

227 1774 343 1828 tamen
362 1757 463 1823 etiam
485 1776 538 1821 eas
559 1757 733 1836 notiones,
756 1778 837 1841 quaa
853 1755 967 1820 Latini
984 1753 1126 1821 efferunt
1141 1755 1273 1840 dativo,
1296 1758 1481 1822 maximam
1497 1769 1626 1845 partem
1641 1760 1905 1847 comprehendit.

230 1877 349 1963 Itaque
368 1885 470 1961 prout
490 1870 626 1968 locativi
642 1882 700 1936 aut
718 1869 824 1938 dativi
841 1892 934 1936 casus
951 1871 1092 1959 propria
1106 1870 1157 1935 vis
1173 1872 1325 1955 obtinet,.
1340 1871 1403 1937 hae
1422 1894 1523 1936 voces
1542 1894 1644 1961 supra
1659 1895 1905 1943 commemora·

227 2005 299 2071 tae,
322 2011 405 2076 quos
426 1985 554 2051 dativos
576 2008 669 2052 casus
692 2010 763 2054 esse
779 1990 817 2053 in
837 1999 953 2075 aperto
974 1997 1039 2069 est,
1063 2009 1153 2053 nunc
1172 1988 1359 2053 motionem
1379 1986 1416 2051 in
1435 1987 1568 2068 locum,
1596 2011 1684 2055 nunc
1699 1987 1878 2072 quietem
1866 2017 1904 2059 m

197 2144 200 2150 ·
227 2110 304 2173 loco
322 2101 519 2191 significant.
561 2097 738 2172 Ἐνταυθοῖ
759 2104 856 2172 euim
871 2103 959 2191 apud
975 2102 1186 2188 Homerum,
1207 2102 1383 2221 Platonem
1403 2112 1437 2169 et
1459 2100 1677 2173 Aristotelem
1697 2102 1788 2192 duc,
1815 2111 1906 2200 apud

230 2221 362 2290 Atticos
389 2242 471 2286 vero
492 2243 592 2309 saepe
614 2220 715 2287 etiam
739 2219 795 2285 laio
815 2218 1002 2306 siguificare
1022 2234 1161 2290 constat

332 2328 441 2423 Atque
461 2340 509 2415 ol,
531 2340 602 2414 ποῖ,
624 2332 696 2405 ὅποι
718 2349 752 2404 et
773 2358 848 2404 rem
870 2337 982 2424 aliquo
1003 2339 1102 2429 dirigi
1122 2340 1178 2407 vel
1199 2336 1302 2426 ferri,
1335 2359 1419 2430 quae
1436 2341 1541 2408 dativi
1559 2364 1654 2409 casus
1675 2340 1956 2431 estsignifican

230 2458 298 2541 tio,
333 2468 366 2522 et
388 2475 461 2519 rem
483 2452 594 2539 aliquo
617 2454 654 2519 in
678 2454 753 2519 loco
776 2477 864 2532 esse,
892 2475 978 2534 quae
996 2455 1133 2514 locativi
1154 2456 1208 2513 via
1229 2467 1263 2513 et
1284 2468 1429 2538 potestas
1449 2468 1515 2534 est,
1539 2459 1703 2518 ,indicant
1748 2459 1911 2526 Uaitatior

137 2620 142 2626 ,
232 2588 349 2640 tamen
381 2578 479 2650 atque
505 2566 690 2667 antiquior,
725 2565 775 2629 uti
804 2585 848 2629 ex
873 2566 1026 2631 inuadat
1051 2563 1251 2628 concludere
1278 2585 1470 2651 possumus,
1506 2564 1541 2629 iu
1566 2563 1617 2629 hia
1647 2553 1776 2633 voculis
1797 2594 1838 2637 ea
1862 2587 1911 2642 est
2015 2552 2017 2557 ¹

159 2666 165 2683 Ι
232 2681 446 2774 significatio,
475 2702 539 2767 qua
559 2660 644 2745 nihil
665 2678 731 2745 nisi
754 2690 886 2745 motum
906 2678 1073 2783 indicant,
1096 2677 1143 2742 ita
1156 2692 1195 2744 ut
1216 2679 1274 2744 has
1290 2699 1386 2743 veras
1402 2677 1537 2763 dativi,
1549 2702 1619 2745 nou
1632 2680 1770 2748 locativi
1783 2683 1910 2754 formas
1934 2693 1943 2721 '

235 2807 305 2872 ease
319 2796 484 2867 coniicias
527 2795 579 2863 At
598 2794 687 2880 quod
707 2815 784 2860 cum
801 2795 915 2861 dativo
929 2776 1050 2861 Graeci
1063 2793 1213 2858 maxime
1226 2792 1344 2879 quietis
1359 2793 1534 2859 notionem
1549 2795 1752 2884 coniungere
1767 2820 1912 2870 consue-0·

234 2931 369 2998 rerunt,
391 2910 566 3001 paullatim
582 2909 701 2995 quietis
716 2910 810 2975 notio
825 2911 860 2975 in
874 2911 925 2975 his
942 2931 1075 2996 quoque
1088 2909 1261 2997 particulis
1276 2908 1429 2974 invaluit.
1474 2911 1525 2975 Ita
1541 2910 1620 2975 de
1596 2932 1636 2975 us
1650 2911 1729 2976 locis
1741 2921 1824 3002 puto
1841 2942 1912 2984 esse

234 3031 462 3112 iudicandum,
485 3025 797 3113 quoaHermannus
816 3026 857 3090 ad
873 3027 955 3091 Eur.
971 3025 1074 3092 Herc.
1088 3022 1112 3090 f.
1131 3029 1289 3117 v.1236.‚
1312 3023 1476 3110 Reisigius
1493 3025 1534 3089 ad
1549 3025 1652 3114 Soph.
1668 3025 1755 3092 Oed.
1773 3029 1843 3096 Col.
1857 3038 1912 3101 28.
1976 3029 2011 3058 ·‘'

207 3168 216 3177 “
238 3162 273 3215 et
285 3137 474 3215 liobeckius
487 3142 527 3207 ad
544 3140 725 3228 Phrynich.
744 3165 777 3228 p.
792 3143 845 3206 43.
869 3142 1061 3219 attulerunt,
1084 3158 1284 3223 quamquam
1300 3139 1429 3204 illiniri
1445 3140 1534 3202 docti
1551 3141 1700 3227 rationq
1717 3162 1782 3225 qua
1798 3146 1912 3233 dupli-

232 3286 310 3331 cem
333 3263 430 3328 istam
452 3254 730 3343 significationem
753 3255 809 3320 illa
830 3254 986 3320 adverbia
1006 3253 1210 3341 acceperint,
1240 3253 1290 3317 uti
1307 3252 1392 3317 mihi
1413 3253 1549 3340 quidem
1566 3252 1720 3339 videtur,
1749 3263 1915 3329 nonsatis

137 3398 142 3403 ·
236 3387 429 3470 perspecta,
450 3374 487 3439 in
501 3372 581 3439 locis
596 3390 698 3458 supra
715 3368 855 3436 laudatis
870 3369 976 3436 multa
991 3368 1097 3433 aliena
1112 3387 1223 3453 neque
1241 3391 1281 3433 eo
1295 3367 1497 3456 pertinentia
1514 3368 1806 3441 commiscuerunt.
1883 3349 1888 3356 ¹

343 3495 379 3574 4)
400 3490 500 3558 Aliae
522 3497 694 3575 praeterea
721 3506 838 3566 voces,
874 3507 954 3572 quas
979 3484 1019 3550 ad
1048 3483 1198 3589 dativum
1226 3482 1429 3554 referendas,
1447 3503 1516 3550 esse
1535 3484 1696 3571 arbitror,
1725 3510 1817 3554 nunc
1838 3506 1917 3560 sunt
1991 3548 1993 3557 ,
2038 3536 2043 3546 ·

239 3603 581 3683 commemorandae
606 3602 695 3666 Nam
716 3622 914 3686 perperam,
937 3611 1028 3678 tom,
1051 3622 1171 3686 quom,
1188 3599 1309 3686 piam,
1333 3599 1424 3678 ium,
1446 3597 1528 3664 clam
1549 3611 1583 3663 et
1604 3622 1685 3664 nom
1705 3609 1916 3692 epronomi-
1946 3686 1949 3693 Ι

240 3731 339 3798 nibus
361 3735 433 3787 orta
453 3742 522 3783 esse
543 3727 693 3806 apparet.
734 3716 808 3781 Has
826 3713 951 3780 formas
970 3714 1064 3780 multi
1086 3713 1289 3778 accusativos
1310 3711 1463 3779 feminini
1484 3714 1615 3799 generis
1628 3739 1696 3782 ease
1711 3725 1917 3804 putaverunt

242 3861 277 3913 et
295 3839 400 3932 modo
412 3844 550 3923 portem
558 3880 570 3910 ,
592 3830 898 3928 moderationem,
926 3830 1028 3896 modo
1051 3827 1195 3913 denique
1215 3829 1308 3893 viam
1321 3829 1574 3917 suppleverunt.
1620 3830 1684 3894 Sed
1699 3832 1727 3896 si
1743 3833 1917 3903 haecsub·

242 3958 388 4029 stantiva
411 3963 477 4016 tam
496 3970 594 4034 saepe
616 3945 657 4012 ad
679 3947 760 4010 haec
777 3944 979 4033 pronomina
1001 3941 1202 4009 addiderunt
1223 3945 1387 4027 Romani,
1412 3955 1452 4008 ut
1475 3944 1575 4008 etiem
1597 3945 1703 4012 omitti
1723 3969 1820 4035 posse
1841 3973 1917 4016 cre·

209 4085 211 4088 ’
244 4080 381 4154 darent,
403 4062 570 4152 quomodo
593 4060 729 4125 tandem
750 4057 877 4125 factum
898 4081 968 4124 esse
989 4068 1104 4145 putas,
1126 4070 1223 4122 utne
1239 4060 1339 4124 semel
1354 4059 1488 4142 quidem
1503 4058 1614 4137 addita
1632 4062 1918 4148 cureperiuntur?

246 4192 319 4263 Alii
332 4185 472 4253 credunt
484 4176 639 4244 feminini
658 4174 790 4266 generis
804 4172 950 4239 formam
966 4171 1118 4238 adverbii
1136 4170 1210 4234 loco
1227 4195 1297 4237 esse
1313 4185 1531 4263 usurpatam,
1554 4172 1644 4260 quod
1658 4177 1827 4260 quomodo
1842 4179 1919 4247 fieri

246 4303 410 4398 potuerit,
433 4294 570 4362 difficile
592 4303 640 4357 eat
663 4290 765 4393 dictu.
797 4289 900 4353 ‘Nam
922 4307 1115 4374 quanquam
1136 4286 1385 4353 concedendum
1400 4287 1638 4371 videturesse,
1660 4289 1804 4377 singulas
1818 4296 1918 4361 etiam

192 4434 195 4440 '
248 4415 404 4489 feminini
430 4410 558 4495 generis
587 4406 713 4473 formas
742 4423 986 4487 nonuunquam
1012 4399 1249 4465 adverbiorum
1276 4401 1422 4493 induisse
1446 4413 1624 4487 naturam,
1652 4400 1688 4469 id
1711 4418 1823 4469 tamen
1843 4430 1920 4474 raro
1957 4444 1962 4452 ι

227 4537 383 4611 ,ξιοιιιιιι
403 4536 461 4590 est.
518 4523 633 4609 Quare
661 4543 722 4607 ego
755 4519 832 4585 illas
863 4516 992 4584 formas
1017 4515 1084 4583 alia
1112 4515 1246 4582 ratione
1281 4515 1533 4620 autumaverim
1564 4518 1794 4616 explicandas,
1836 4545 1921 4611 quae

382 4649 389 4658 .
1541 4629 1581 4695 M
1865 4644 1869 4651 .
