4320 5414
1666 374 1669 378 “
1788 418 1876 533 ar:

44 621 47 627 “
160 610 224 677 mis
253 629 331 674 cum
358 605 529 673 adiectivis
552 605 787 695 componitur,
824 602 926 686 idque
948 601 1048 669 etiam
1071 624 1134 692 pro
1160 616 1272 693 tamen
1292 608 1464 695 usurpari,
1494 631 1564 676 non
1584 613 1692 677 solum
1716 615 1834 680 Festus

160 724 335 815 perspicue
357 721 471 801 docet,
493 722 550 806 qui
572 720 653 786 haec
672 721 771 790 habet
787 742 820 810 p.
835 722 928 785 278.:
950 717 1003 785 At
1024 720 1162 807 antiqui
1184 731 1272 786 tana
1295 724 1400 788 etiam
1413 714 1480 810 pro
1504 736 1645 792 tomen
1666 729 1719 793 nri
1742 741 1831 808 aaran,
1906 758 1912 767 ·

158 852 198 907 ut
219 836 393 906 Naevius:

428 951 520 1038 Quid
540 951 568 1015 si
591 961 709 1037 taceat,
732 951 813 1018 dum
832 950 961 1036 videat,
992 962 1073 1017 tam
1096 952 1316 1042 ademerint,
1341 955 1420 1043 quid
1434 955 1597 1043 scriptum
1612 956 1662 1023 sit.

36 1124 46 1133 -
156 1085 306 1154 Ennius:
426 1082 510 1148 lllae
530 1105 625 1150 meae
647 1093 728 1149 tam
750 1084 837 1171 potis
858 1084 949 1173 pacis
968 1084 1079 1172 potiri.

161 1200 330 1266 Titinius:
423 1199 514 1264 Bene
531 1197 608 1265 cum
632 1198 790 1285 iacimus,
815 1210 894 1266 tam
916 1199 1193 1286 memorabimus,
1217 1213 1254 1266 ut
1275 1202 1410 1288 quidam
1432 1200 1610 1289 perhibent
1633 1202 1707 1269 viri.

32 1372 37 1379 .
155 1316 264 1381 Itemt
422 1314 625 1401 Quanquam
643 1316 720 1381 estis
743 1317 858 1398 nihili,
890 1327 969 1382 tam
991 1329 1119 1382 escator
1139 1317 1240 1382 simul
1263 1318 1357 1383 vobis
1378 1317 1540 1382 consului.

154 1430 220 1496 Sed
242 1431 331 1498 idem
354 1431 432 1497 iude
452 1454 584 1517 quoque
606 1444 760 1520 apparet,
785 1433 874 1518 quod
895 1433 1033 1498 tonzetsi
1056 1446 1090 1500 et
1104 1433 1282 1498 tamenetsi
1300 1432 1388 1498 inter
1401 1455 1437 1499 se
1451 1443 1712 1498 commutantur.
1762 1436 1833 1501 Tn-

46 1535 63 1543 ’“
152 1568 229 1612 men
257 1545 427 1632 quomodo
456 1547 498 1614 sit
529 1546 788 1637 explicandum,
818 1549 987 1614 incertum
1017 1561 1077 1613 est.
1121 1546 1344 1619 Wuellnerus
1374 1570 1448 1613 eam
1478 1548 1630 1613 voculam
1653 1561 1833 1618 etozncnro

153 1674 264 1728 ortam
293 1686 362 1727 esse
388 1662 510 1742 credit3
541 1661 575 1725 id
601 1673 733 1745 tamen,
763 1684 869 1749 quum
897 1685 943 1726 nn
969 1663 1005 1729 in
1033 1663 1106 1728 aliis
1133 1664 1245 1728 latinis
1268 1644 1407 1728 vocibus
1428 1685 1496 1728 non
1518 1663 1720 1750 reperiatur,
1750 1668 1834 1733 milri

153 1777 290 1881 quidem
317 1776 490 1842 nonsatis
515 1775 650 1842 videtur
681 1801 751 1844 esse
751 1778 956 1879 probabile.
1002 1779 1119 1863 Quare
1142 1799 1245 1863 quum
1266 1777 1531 1866 praepositiones
1554 1776 1595 1840 ad
1616 1777 1735 1844 harum
1760 1779 1833 1845 for·
1913 1808 1916 1813 ¹

73 1870 79 1875 ι
155 1915 293 1959 marum
313 1892 387 1957 vim
418 1890 605 1977 augendam
625 1915 725 1981 saepe
747 1894 927 1980 addantur,
957 1892 1014 1981 (cl.
1037 1891 1168 1972 adlruc,
1203 1905 1399 1980 eapropter
1432 1890 1528 1970 inde,
1557 1890 1661 1974 odeo,
1691 1895 1831 1975 interea,

102 1994 107 2002 ’
154 1982 288 2087 tande,
312 2005 476 2095 quamde,
499 2016 621 2094 postea
642 2006 772 2095 aliaque
793 2009 827 2075 id
849 2010 971 2096 genus)
1001 2020 1115 2074 tomen
1143 2032 1207 2097 pro
1230 2009 1343 2075 tamin
1365 2008 1490 2074 dictum
1512 2030 1582 2073 esse
1603 2020 1696 2094 puto.
1740 2012 1833 2077 Nam
1877 1991 1880 1995 .
1924 2055 1930 2059 -

153 2134 268 2190 tomen
288 2123 391 2190 modo
414 2124 549 2209 gravius
573 2136 622 2213 est
645 2134 679 2188 et
698 2123 863 2190 maiorem
884 2123 986 2190 habet
1009 2124 1081 2190 vim
1102 2146 1201 2211 quam
1226 2136 1319 2206 tam3
1351 2127 1388 2192 in
1409 2123 1526 2190 ceteris
1544 2146 1626 2190 vero
1648 2147 1719 2189 non
1740 2127 1833 2192 mul·

149 2249 229 2331 tum
249 2237 375 2305 differt.
419 2240 535 2304 Festus
559 2249 650 2302 inme
671 2258 805 2325 quoquc
829 2263 893 2329 pro
918 2251 990 2305 tum
1012 2240 1197 2306 ecarmine
1216 2240 1336 2306 Saliari
1354 2241 1469 2324 affert,
1492 2238 1541 2304 uti
1561 2260 1625 2326 pro
1640 2259 1717 2303 cnm
1732 2242 1832 2308 etiam
1912 2308 1915 2317 ,

127 2412 130 2417 4
155 2375 251 2419 cume
270 2355 307 2420 in
330 2351 530 2434 maluisse,
553 2354 688 2418 Terent.
705 2354 819 2420 Maur.
836 2377 870 2443 p.
884 2360 980 2422 2261.
1001 2367 1150 2423 testatur.
1196 2354 1412 2443 Quapropter
1425 2353 1525 2420 etiam
1545 2351 1659 2416 cumin
1677 2354 1833 2440 aliquan-

148 2467 199 2532 -do
227 2467 353 2533 dictum
375 2487 463 2547 esse,
487 2478 520 2531 et
542 2466 652 2529 tamin
674 2480 707 2528 et
725 2469 842 2528 cumin
863 2486 960 2530 voces
981 2469 1105 2528 sensim
1128 2468 1258 2529 attritas
1281 2477 1314 2526 et
1333 2469 1371 2528 in
1394 2477 1487 2526 tame
1507 2475 1539 2525 et
1562 2484 1657 2527 cume
1676 2481 1834 2556 mutatas,

54 2638 58 2645 .
152 2604 225 2648 esse
252 2579 383 2668 opinari
405 2576 494 2643 licet.
547 2574 702 2642 Tandem
721 2599 740 2642 e
761 2587 835 2642 tam
857 2588 889 2643 et
910 2576 987 2643 dem
1007 2575 1229 2664 compositum
1252 2578 1346 2658 §.27.
1367 2573 1596 2663 explicabitur.
1618 2610 1662 2626 -
1706 2578 1831 2664 Quam,

153 2695 245 2783 quod
266 2691 498 2771 indefinitam,
526 2688 703 2758 relativam
733 2705 766 2759 et
787 2691 1063 2780 interrogativum
1093 2691 1194 2757 habet
1219 2692 1291 2758 vim
1321 2702 1353 2757 et
1380 2691 1432 2757 uti
1461 2701 1535 2757 tom
1556 2682 1698 2778 gradum
1722 2716 1832 2781 quen·
1889 2715 1891 2720 ·

154 2813 233 2879 dam
265 2825 298 2879 et
327 2806 621 2895 exaggerationem
651 2804 832 2895 significat,
862 2809 1020 2889 omnibus
1046 2807 1354 2895 comparationibus
1382 2805 1536 2874 inservit.
1595 2805 1645 2873 Ut
1674 2808 1832 2892 iamiam,

152 2930 203 2994 ita
228 2928 328 2993 etiam
351 2924 472 2991 dicitur
495 2944 722 3011 quamquam,
744 2945 764 2988 a
789 2943 855 3008 quo
878 2923 1033 3012 quamvis
1050 2924 1113 3006 ita,
1136 2937 1174 2989 ut
1195 2947 1215 2990 a
1236 2922 1391 3011 quisquis
1409 2922 1519 3009 quivis
1538 2921 1662 2987 differt.
1687 2960 1731 2973 -
1772 2926 1832 2993 Ad

154 3064 255 3108 voces
288 3052 362 3105 tnnc
391 3050 424 3103 et
453 3059 555 3125 quom
582 3059 827 3123 nonnunquam
857 3037 899 3103 de
924 3038 1130 3128 praepositio
1154 3038 1307 3120 additur,
1337 3060 1423 3123 quae
1450 3057 1554 3123 quum
1584 3060 1657 3106 rem
1686 3040 1832 3124 aliquam

61 3201 90 3247 .·
152 3154 232 3220 inde
255 3176 276 3219 a
296 3175 428 3219 summa
448 3173 553 3237 usque
573 3153 615 3217 ad
634 3153 740 3217 imam
761 3163 891 3240 partem
915 3150 1120 3237 considerari
1146 3165 1246 3239 atque
1262 3151 1400 3237 intelligi
1414 3150 1600 3234 significet,
1618 3154 1736 3218 harum
1749 3178 1831 3240 par·⁸
1924 3234 1929 3251 1

152 3269 331 3336 ticularum
354 3265 658 3356 comparativorum
679 3266 748 3333 vim
770 3266 923 3332 intendit.
971 3266 1103 3332 Tamne
1122 3279 1235 3335 extare
1256 3276 1397 3356 putatur
1417 3262 1507 3351 apud
1526 3262 1714 3350 Lucilium,
1737 3265 1831 3332 cuius

152 3404 270 3450 versus
463 3448 620 3533 Tamde
647 3465 733 3532 milri
760 3463 874 3533 infesti
899 3478 998 3552 qu'am
1025 3468 1186 3565 Rhoodes
1207 3467 1411 3554 Icadionque

151 3601 242 3690 apud
267 3600 408 3665 Festum
437 3620 461 3662 s.
492 3620 550 3662 vv.
581 3596 651 3661 tic
678 3609 710 3663 et
740 3619 1021 3685 querquetum
1040 3601 1174 3687 legitur.
1227 3599 1282 3665 De
1304 3595 1450 3686 quamde
1470 3547 1633 3662 vocabulo
1655 3596 1803 3661 Festus
1793 3618 1828 3661 ιιι
1922 3610 1925 3615 “

151 3720 320 3800 Fragmm.
343 3736 377 3799 p.
391 3717 467 3780 221.
488 3712 570 3778 haec
590 3713 707 3781 habet.
740 3712 897 3795 Quamde
913 3736 984 3801 pro
1001 3738 1105 3802 quam
1119 3740 1196 3781 usos
1214 3736 1282 3781 esse
1300 3713 1477 3800 antiquos,
1499 3733 1577 3777 cum
1593 3709 1728 3776 matti·
1710 3723 1828 3831 veteres

151 3830 341 3897 testimonio
370 3838 467 3908 sunt,
495 3839 623 3893 tamen
631 3827 765 3892 lactina
751 3851 788 3892 ns
803 3828 939 3914 primo:

461 3942 616 4030 luppiter
644 3956 680 4037 ut
706 3965 806 4009 muro
826 3941 932 4010 fretus
950 3945 1056 4032 magis
1078 3947 1253 4031 quamde
1275 3964 1394 4012 manus
1416 3944 1539 4031 impe..

151 4111 161 4134 .
183 4111 191 4133 .
213 4110 223 4131 .
245 4107 253 4129 .
274 4058 440 4127 secundo.-

460 4172 634 4260 Quaude
663 4183 737 4242 tuas
766 4195 883 4239 omnes
908 4175 1057 4263 legiones
1078 4199 1116 4244 ac
1136 4177 1313 4266 populares

153 4305 187 4360 et
207 4293 382 4359 Lucretius
405 4291 446 4382 (l,
468 4287 556 4376 639.)

351 4455 356 4463 .
458 4406 576 4471 Clarus
604 4403 646 4469 ob
675 4404 850 4471 obscuram
871 4407 1061 4494 linguam
1040 4407 1146 4496 magis
1169 4408 1259 4476 inter
1279 4406 1396 4473 inanes

461 4519 652 4606 Quamde
679 4521 792 4608 gravis
813 4522 901 4590 inter
924 4524 1091 4601 Graecos,
1119 4522 1177 4610 qui
1197 4544 1279 4592 vera
1297 4521 1483 4612 requirunt.

1373 4636 1376 4641 ’
1398 4636 1482 4705 Ma
1504 4686 1528 4695 .·
