4320 5414
225 653 265 702 σο
284 639 466 716 usurpatur
487 630 611 692 ὄιαταα
631 619 770 722 omnia,
800 614 891 706 quod
911 616 961 684 ita
980 617 1195 708 pronominis
1216 618 1382 710 reciproci
1397 622 1655 714 vicem'esptet,
1676 638 1717 694 nt
1736 606 1818 702 item
1825 634 1920 706 'etad
2019 670 2027 677 ·

208 732 372 842 'primam
387 753 420 810 et
436 739 478 808 ad
493 738 676 807 secundani
690 747 724 803 et
746 733 789 801 ed
805 732 941 800 tertiam
955 756 1137 823 personam
1149 734 1327 806 referatur.
1369 740 1435 824 lit,
1447 761 1532 828 quse
1548 762 1568 805 a
1584 746 1795 829 pronomini,
1808 752 1924 821 radim

135 888 138 895 ⁴
227 862 514 956 proficiscuntur,
534 841 671 943 mojam
692 852 780 941 ipse,
803 863 839 917 et
856 872 949 936 evas,
970 863 1048 937 svo,
1069 875 1166 919 eoam
1184 875 1276 938 εααε,
1296 877 1339 937 α,
1360 878 1432 938 τιατ,
1452 856 1497 923 ad
1515 877 1635 923 omnes.
1651 881 1809 947 personas
1827 867 1930 939 refe„

228 995 362 1051 runtur.
405 973 518 1040 Etiam
541 969 714 1058 bengslico
742 991 872 1057 oporto,
896 966 988 1054 quod
1009 967 1083 1034 rim
1101 967 1311 1059 reciprocam
1332 970 1452 1055 hebet,
1481 981 1516 1035 et
1534 993 1648 1056 mass,
1670 984 1764 1063 trois,
1786 1004 1864 1047 sum
1886 996 1922 1050 et

229 1109 358 1180 noster,
379 1099 487 1158 vester
509 1086 762 1176 exprimuntur.
806 1083 895 1149 Illud
915 1096 1029 1149 sutem
1047 1082 1387 1152 animadvertendum
1405 1097 1473 1171 est,
1502 1087 1576 1154 vim
1595 1089 1696 1156 huius
1710 1099 1921 1180 pronominis

228 1215 438 1302 reciprocam
459 1228 637 1293 nunquam
656 1200 804 1268 interire.
848 1200 940 1266 Nam
962 1198 999 1264 id
1018 1199 1148 1266 etiamsi
1172 1199 1318 1288 primam
1340 1202 1567 1270 secundamre
1586 1227 1768 1294 personam
1782 1202 1926 1296 indicet,

229 1346 345 1401 umen
367 1345 503 1413 semper
523 1319 672 1388 eiusdem
691 1339 856 1408 personne
875 1312 1077 1403 significatio
1098 1319 1171 1382 sire
1193 1315 1231 1382 in
1258 1315 1380 1382 eodem
1399 1319 1554 1385 membro
1566 1320 1696 1405 inesse,
1718 1323 1792 1390 sive
1805 1327 1921 1413 paullo

234 1460 312 1517 ante
331 1455 449 1512 extare
463 1437 573 1505 debet·

340 1593 373 1674 c)
401 1586 513 1672 Atque
540 1595 579 1649 ut
609 1602 747 1648 omnem
773 1602 848 1646 rem
876 1579 1101 1648 difficiliorem
1125 1578 1305 1647 absolvisse
1331 1582 1528 1668 videamur,
1556 1587 1736 1676 separatim
1757 1587 1856 1654 etiam
1878 1591 1923 1656 de

235 1705 399 1799 reciproci
420 1700 608 1790 possessivo
630 1710 681 1764 est
702 1696 894 1762 dicendum.
939 1700 985 1763 Et
1004 1696 1177 1782 quomodo
1197 1699 1292 1781 σφός,
1314 1696 1366 1775 ἑός
1390 1703 1463 1767 sire
1484 1701 1520 1779 ὅς
1540 1715 1574 1767 et
1594 1702 1770 1791 singularis
1790 1715 1824 1768 et
1840 1701 1923 1793 plu*-

233 1829 313 1898 nlis
342 1819 475 1889 numeri
506 1817 680 1882 notionem
706 1813 857 1900 accipere
886 1823 922 1878 et
951 1813 992 1878 ad
1023 1836 1141 1878 omnes
1170 1826 1239 1878 tres
1264 1836 1425 1902 personas
1453 1816 1575 1883 referri
1603 1819 1767 1905 potuerit,
1796 1841 1839 1884 ex
1868 1819 1921 1905 iis,

210 1965 320 2033 ¹quae
350 1938 416 2002 lruc
441 1952 547 2016 usque
576 1930 815 2018 exposuimus,
851 1928 1022 2014 cognitum
1051 1942 1087 1994 et
1116 1928 1325 1994 intellectum
1351 1943 1444 2017 puto.
1506 1932 1587 1998 Alia
1611 1937 1806 2018 σφέτερος
1833 1957 1920 2022 pro-

233 2055 383 2129 nominis
398 2047 576 2140 possessivi
592 2059 640 2112 est
653 2045 750 2110 ratio.
795 2044 872 2109 Hoc
887 2044 989 2128 enim,
1010 2044 1039 2108 si
1052 2041 1199 2128 ἡμέτερος
1213 2055 1248 2110 et
1259 2040 1405 2130 s‘ps'rspoe
1418 2068 1609 2134 comparas,
1631 2049 1772 2135 pluralis
1786 2053 1920 2117 numeri
2022 2078 2027 2089 ¹

232 2173 413 2268 proprium
442 2187 515 2231 esse
547 2161 707 2228 credibile
736 2171 795 2225 est.
839 2159 955 2243 Quare
985 2181 1090 2247 quum
1119 2159 1205 2224 nihil
1232 2161 1338 2248 possit
1363 2161 1553 2244 offendere,
1581 2165 1609 2228 si
1630 2173 1742 2228 noster
1762 2178 1795 2232 et
1815 2178 1923 2233 vester

234 2288 423 2378 significat,
442 2281 534 2344 idern
556 2289 673 2343 tamen
695 2274 738 2343 ad
757 2274 958 2360 singularem
982 2295 1118 2360 quoque
1133 2295 1314 2341 nnmerum
1326 2275 1448 2355 referri
1461 2278 1586 2342 mirum
1604 2289 1665 2342 est.
1710 2279 1761 2346 Cf.
1779 2281 1922 2351 lireorr.

237 2400 356 2483 XXV,
375 2401 448 2465 163.
533 2389 607 2469 ὦςεί
623 2416 682 2476 περ
701 2394 940 2480 σφετέρῃσιν
961 2391 1020 2458 isi
1041 2396 1156 2474 φρεσῐ
1176 2393 1375 2475 βάλλομαι
1395 2390 1483 2478 ἄρτι,
1511 2404 1620 2459 mente
1639 2414 1725 2460 meo.

236 2520 318 2590 ibid.
347 2513 474 2597 xxti,
507 2513 560 2577 67.

531 2629 724 2712 σφετέρης
744 2621 787 2711 μὴ
808 2627 937 2710 φείδεο
957 2625 1080 2706 τέχνης,
1107 2623 1179 2690 arti
1201 2636 1280 2690 tuae
1302 2623 1374 2690 noli
1390 2645 1544 2711 parcere.

237 2768 271 2821 et
290 2746 434 2816 Ilesiod.
458 2746 550 2813 Scut.
579 2749 632 2811 90.

424 2856 427 2861 ¹
530 2859 566 2938 ὃς
594 2854 756 2949 προλιπών
783 2861 931 2944 vusseodo
951 2883 984 2924 τε
1004 2856 1100 2941 δόμοι
1120 2855 1287 2940 σφετέρους
1308 2861 1472 2935 seronior

530 2972 640 3064 ‘illm’
1720 3051 1726 3057 ,

238 3102 281 3171 ad
303 3120 404 3188 quem
429 3096 542 3161 locum
566 3089 607 3156 cf.
628 3089 813 3173 Heinrich,
842 3102 876 3156 et
905 3091 1049 3159 Aristot-
1071 3096 1153 3174 Περὶ
1174 3092 1291 3173 κόσμου
1315 3089 1461 3175 exempl.
1481 3087 1615 3151 Bekker
1635 3100 1718 3155 torn.
1742 3091 1770 3154 Ι.
1791 3115 1824 3180 p.
1847 3100 1943 3183 398:

240 3221 281 3285 B.
302 3222 355 3283 88.
376 3220 466 3292 δῆλον
486 3205 564 3296 γάρ,
587 3208 637 3275 ὅτι
658 3203 692 3273 sti
711 3211 769 3291 μὲν
787 3201 897 3286 ιἰριτὸι
912 3204 1078 3292 ἅλλόμειοι
1097 3207 1142 3283 εἷς
1155 3200 1211 3284 τὴι
1224 3203 1338 3270 ἑαυτοῦ
1358 3203 1659 3284 δίαιταιέκιίξεται,
1680 3200 1716 3272 sti
1731 3211 1765 3274 δὲ
1778 3225 1926 3295 χερσαῖον

240 3335 284 3410 εἷς
304 3326 343 3397 τὰ
362 3332 497 3413 σφέτερα
518 3327 583 3406 ἢθη
602 3330 653 3390 καὶ
675 3326 786 3407 νόμους
807 3327 998 3408 derisorium.

344 3475 409 3542 Sed
435 3495 540 3563 quum
567 3473 684 3558 ⁶965,
707 3468 787 3552 ἑός,
807 3468 828 3536 ὅ
834 3494 851 3546 ς
871 3491 935 3559 pro
958 3491 1162 3559 unoquoque
1183 3488 1327 3535 numero
1348 3465 1470 3533 Graeci
1491 3477 1712 3555 usurparent,
1741 3469 1838 3539 facile
1859 3476 1927 3544 hoc

237 3597 301 3667 sibi
326 3615 383 3660 eos
410 3589 612 3680 persuasisse
633 3586 753 3669 credo,
789 3585 892 3652 etiam
916 3588 1062 3672 σφέτερος
1089 3585 1130 3652 ad
1154 3604 1432 3670 unumquemque
1455 3602 1638 3649 numerum
1670 3583 1793 3654 referri
1816 3612 1927 3679 posse.

239 3712 333 3800 Quid
359 3706 474 3797 quodi
507 3706 566 3771 ille
593 3703 724 3792 amplus
744 3699 955 3791 pronominis
985 3701 1150 3790 reciproci
1177 3722 1257 3764 usus
1286 3720 1391 3784 quum
1418 3720 1493 3764 sera
1516 3708 1623 3764 aetate
1643 3702 1750 3787 magis
1771 3703 1928 3776 virorum

241 3830 416 3895 doctorum
441 3820 608 3888 memoris
629 3820 835 3885 retineretur
861 3830 1131 3901 asservaretur,
1160 3837 1264 3901 quam
1289 3812 1502 3897 loquentium
1524 3835 1583 3878 ore
1603 3836 1642 3879 ac
1662 3839 1837 3904 sermone,
1866 3847 1928 3890 sc·

240 3944 338 4022 cidit,
368 3952 407 4005 ut
428 3938 528 4002 etiam
548 3937 733 4020 σφωΐτιρος,
760 3932 849 4018 quod
877 3934 1016 4020 proprie
1040 3944 1089 3998 est
1117 3931 1224 3997 dnslis
1251 3931 1403 4012 numeri,
1437 3929 1478 3994 ab
1499 3928 1686 4017 Apollonio
1706 3902 1840 4002 Rhodio
1860 3962 1926 4026 pro
2015 4003 2021 4012 ,

239 4055 400 4142 singulti
421 4053 539 4120 tertiae
556 4050 788 4132 secundaeque
808 4070 970 4134 personae
990 4069 1135 4115 numero
1154 4058 1392 4135 usurparetur,
1423 4066 1490 4132 quo
1504 4045 1544 4111 fit
1556 4048 1789 4139 perspicuum,
1811 4052 1929 4140 Apol.

240 4176 372 4243 lonium
393 4169 523 4254 ipsum,
553 4190 639 4255 quae
660 4165 784 4232 horum
804 4163 1048 4251 pronominum
1069 4184 1152 4227 vera
1170 4171 1257 4226 esset
1275 4159 1361 4225 ratio
1382 4181 1421 4226 sc
1443 4173 1582 4245 nature,
1612 4184 1682 4228 non
1707 4164 1926 4239 intellexisse.

242 4287 296 4358 Gi.
316 4286 385 4369 llI,
416 4281 490 4346 396.
549 4350 555 4359 ,

535 4393 591 4461 εἴτ’
617 4392 671 4460 οὖν
691 4397 896 4475 Σαυρομάτας
920 4418 956 4478 γε
982 4396 1173 4473 λιλαίεαι,
1200 4389 1261 4457 εἴτε
1287 4386 1345 4454 τιν’
1363 4387 1454 4455 ἄλλοι

432 4494 441 4500 .
536 4517 635 4596 δῆμον
661 4511 954 4592 σφωῖτέροισιι
973 4503 1033 4577 ind
1053 4509 1217 4592 σκιῖπροισι
1240 4507 1405 4588 δαμάσσει.
