4320 5414
223 401 279 478 18
450 397 454 407 ’

223 602 307 668 haec
319 599 424 664 verba
436 607 468 661 et
481 593 592 663 hiatus
603 614 704 683 saepe
716 593 882 682 reperitur
893 603 927 658 et
941 592 1065 693 vocalis
1079 592 1201 676 brevis,
1214 613 1282 659 una
1290 612 1439 681 consona
1451 594 1684 682 subsequente,
1701 600 1914 688 producitur,

227 725 328 802 atque
347 709 437 801 apud
448 710 583 800 ¹Atticos
604 724 682 778 ante
699 732 739 776 ea
753 731 863 798 neque
876 706 914 776 od
926 709 1091 798 particula
1109 707 1147 773 in
1164 706 1222 796 οὔχ
1234 719 1402 794 mutatur,
1425 731 1536 798 neque
1554 712 1800 798 sloetauousdv
1814 721 1918 808 poni·

227 843 298 897 tur.
339 824 407 911 (CL
415 825 613 893 Buttmanni
625 817 776 893 Gratum.
792 847 842 914 gr.
854 848 946 892 max.
963 827 992 910 §.
1007 830 1060 892 72.
1081 824 1159 892 adn.
1177 825 1223 913 6.)
1266 812 1495 914 Reperiuntur
1511 827 1613 895 etiam
1625 832 1809 901 nonnullae
1822 834 1922 903 huius

224 915 441 1035 ‘pronominis
468 940 616 1028 formae,
651 943 819 1030 digamma
847 942 1011 1010 aeolicum
1040 963 1127 1031 quae
1155 951 1272 1030 aperte
1298 939 1433 1007 habent.
1476 941 1578 1034 Apud
1599 944 1811 1035 Hesychium
1831 951 1953 1018 enim'

232 1064 281 1128 Pi
285 1086 304 1129 ν
314 1082 379 1150 per
394 1063 464 1132 σοῖ
478 1058 678 1150 explicatur,
698 1063 750 1146 γίν
763 1072 876 1128 autem
890 1057 1017 1126 dictum
1032 1069 1082 1124 est
1095 1079 1158 1148 pro
1171 1057 1213 1140 ic,
1236 1056 1446 1145 pronominis
1461 1062 1624 1151 reciproci
1638 1061 1762 1149 dativo,
1785 1062 1840 1153 (cf.
1854 1068 1882 1148 §.
1892 1068 1922 1132 5.

231 1177 296 1244 Nr.
315 1179 346 1243 8.
367 1187 402 1241 et
424 1178 454 1259 §.
471 1173 534 1264 17.)
555 1190 590 1254 et
604 1181 659 1244 Γίο
679 1198 741 1266 per
761 1173 858 1244 edroi
877 1185 910 1241 et
931 1179 981 1242 l'oi
1001 1192 1064 1264 per
1082 1171 1200 1264 ἑαυτῷ,
1227 1175 1297 1263 ἰδίῳ
1319 1178 1372 1240 καὶ
1392 1181 1457 1263 σῷ,
1485 1194 1571 1263 quae
1595 1175 1728 1244 formae
1753 1180 1928 1267 quomodo

235 1291 334 1358 etiam
351 1291 491 1357 alteram
507 1315 687 1382 personam
701 1297 785 1375 σοί,
807 1298 855 1381 σῷ
871 1289 1058 1376 significare
1073 1291 1266 1383 potuerint,
1286 1287 1378 1355 inira
1392 1291 1455 1356 Nr.
1472 1295 1501 1358 8.
1524 1313 1741 1382 exponemus.
1786 1294 1927 1384 Duplex
1991 1363 1994 1368 ,

154 1486 158 1498 Ι
235 1417 351 1472 autem
375 1417 424 1471 cst
442 1407 549 1491 ratio,
577 1428 646 1493 qua
664 1431 710 1493 σφ
732 1407 860 1475 litteras
888 1406 1096 1473 intercidisse
1120 1407 1219 1472 dicas.
1261 1400 1355 1474 Nam
1378 1428 1483 1495 quum
1503 1431 1568 1499 pro
1588 1414 1683 1496 opis
1703 1407 1933 1479 Callimachus.

237 1525 303 1605 φῖν
326 1519 414 1589 dicat
435 1521 482 1592 H.
504 1523 542 1590 in
561 1523 665 1589 Dian.
683 1522 753 1590 125.
1022 1609 1027 1614 .

362 1634 365 1638 ’
546 1642 656 1721 κτήνεά
672 1667 724 1726 φιν
744 1636 851 1725 λοιμός
871 1639 1110 1722 καταβόσκεται,
1131 1637 1209 1724 ἔργα
1231 1640 1265 1705 δὲ
1285 1639 1397 1725 πάχνη.

238 1767 271 1825 et
291 1759 364 1823 218.
765 1792 809 1809 -
828 1789 873 1807 -·
894 1753 1045 1826 &cotom
1074 1757 1109 1823 δέ
1129 1780 1181 1840 φιν
1201 1747 1281 1841 ὦμοι

551 1876 705 1961 δεξιτεροί.

240 1999 275 2054 et
288 1988 422 2073 Fragm.
438 1991 512 2055 183.
532 1987 553 2068 ἢ
573 1987 695 2075 ἄφορον
714 1987 871 2074 φαρόωσι,
890 1987 975 2071 μέλει
995 1988 1030 2054 δέ
1051 2013 1105 2073 φιν
1125 1970 1256 2073 ὄμπνιον
1276 1984 1379 2073 ἔργον.

210 2101 212 2104 ’
240 2102 399 2192 contendi
418 2103 542 2192 possit,
563 2127 585 2171 σ
605 2103 787 2190 antiquitus
809 2101 935 2188 ubique
956 2101 1136 2189 omissum,
1167 2129 1191 2187 φ
1211 2115 1324 2170 autem
1345 2103 1382 2168 in
1404 2101 1561 2192 spiritum
1580 2125 1735 2194 asperum
1757 2127 1826 2173 esse
1839 2130 1929 2206 'mu-

239 2229 361 2285 tatum.
405 2219 481 2312 Aut
500 2219 620 2301 etiarn,
642 2217 678 2284 id
700 2217 790 2305 quod
811 2216 896 2283 mihi
917 2216 1022 2303 magis
1043 2217 1224 2306 probatur,
1249 2247 1266 2284 o
1289 2217 1398 2286 littera
1421 2219 1571 2308 primurn
1584 2221 1663 2301 ins,
1685 2221 1840 2312 deinceps
1860 2224 1897 2289 in
1906 2227 1937 2292 'a

242 2344 293 2398 est
314 2342 460 2418 mutata,
483 2343 519 2398 et
539 2334 711 2400 nonnullis
731 2333 769 2398 in
791 2331 909 2399 formis
929 2333 1032 2422 plane
1051 2332 1191 2400 interiit.
1234 2361 1247 2400 ι
1267 2348 1421 2424 superest
1441 2334 1478 2401 in
1496 2339 1551 2402 Γίο
1567 2357 1631 2424 pro
1652 2330 1690 2403 oi
1702 2336 1812 2419 dicto,
1834 2337 1926 2424 quod

242 2469 320 2513 curn
345 2445 512 2514 secundae
531 2470 697 2537 personae
717 2447 873 2535 genitivis
896 2452 982 2532 τῖος,
1009 2452 1109 2532 τίοος,
1140 2454 1212 2534 τίω,
1239 2456 1313 2528 siue
1340 2451 1503 2539 congruit.
1545 2477 1557 2516 ι
1584 2466 1697 2519 autem
1723 2453 1760 2519 in
1781 2454 1845 2521 hae
1865 2453 1930 2520 de-

242 2563 424 2632 clinatione
452 2563 489 2630 in
509 2587 526 2630 c
550 2562 737 2650 transiisse,
763 2561 935 2631 difficilius
961 2574 1012 2629 est
1030 2565 1252 2655 comprobata
1272 2578 1414 2657 propter
1432 2565 1704 2650 similitudinem,
1732 2589 1819 2655 quae
1839 2568 1929 2636 inter

118 2688 135 2696 ’“
188 2682 191 2686 ’
240 2679 374 2768 primae
406 2694 440 2747 et
466 2678 633 2747 secundae
660 2703 824 2769 personae
846 2678 1104 2749 declinationem
1121 2679 1311 2749 intercedit.
1355 2685 1449 2750 Nam
1469 2684 1524 2750 σέο
1549 2694 1582 2748 et
1604 2685 1657 2750 τέο
1680 2697 1713 2750 st
1737 2685 1791 2767 ἕο,
1817 2693 1872 2755 σεῦ
1894 2697 1931 2753 et

241 2790 292 2878 εὖ,
320 2805 388 2865 σεῖο
411 2806 445 2862 et
465 2789 525 2880 εἷο,
545 2798 640 2864 σέθεν
654 2807 686 2862 et
700 2795 773 2864 ἕθεν
792 2807 985 2883 congruunt
1005 2817 1083 2862 cum
1097 2795 1187 2882 ἐμέο,
1205 2795 1279 2882 ἐμοῦ
1293 2809 1327 2863 et
1344 2799 1445 2884 ἐμοῖο,
1467 2796 1637 2883 et-tps'sev.
1679 2799 1928 2868 Verumtamen

39 2931 41 2936 ·
138 2962 141 2967 ·
242 2920 315 2981 τεοῦ
337 2925 369 2980 et
390 2923 473 2981 τεοῖο
496 2923 532 2979 et
553 2906 654 2996 assic,
682 2918 785 2996 τεοῖς,
814 2913 897 2996 τοῖν,
926 2923 960 2977 et
980 2909 1061 2995 ἑοῖο,
1090 2914 1177 2994 ἑοῖς,
1204 2909 1267 2995 ἑοῖ,
1294 2909 1358 2996 έῖν,
1379 2911 1411 2979 ii
1432 2927 1465 2981 et
1486 2912 1538 2990 ἑός
1558 2916 1737 2982 commode
1757 2916 1930 3005 explicare

241 3051 405 3115 nequeas,
427 3029 494 3094 nisi
514 3057 533 3095 ο
551 3030 716 3113 litteram,
738 3048 824 3114 qnae
844 3027 882 3093 in
902 3027 1114 3117 pronominis
1131 3026 1295 3093 secundae
1316 3049 1480 3117 personae
1502 3038 1534 3093 et
1546 3025 1757 3117 pronominis
1770 3030 1930 3096 reflexivi

242 3143 357 3210 radice
374 3143 482 3230 inest,
511 3144 548 3210 in
567 3169 584 3212 c
607 3166 677 3212 esse
699 3165 898 3214 conversam
920 3148 1046 3211 statuis.
1090 3144 1197 3230 quue
1217 3143 1322 3229 magis
1344 3143 1447 3210 stiam
1469 3143 1681 3234 perspicuum
1704 3159 1771 3230 est,
1801 3145 1830 3211 si
1851 3143 1929 3212 ἑαυ-

208 3291 213 3302 ·
241 3268 313 3342 τοῦ,
341 3258 467 3344 ἑαυτῆς,
494 3259 607 3330 ἑαυτοῦ
630 3282 822 3351 pronomen
843 3281 1027 3350 comparas.
1070 3262 1160 3327 Nam
1181 3261 1208 3327 si
1229 3285 1245 3328 s
1267 3258 1303 3324 in
1324 3259 1536 3347 pronominis
1557 3243 1724 3348 reciproci
1744 3258 1864 3328 formis
1885 3264 1930 3329 ad

177 3451 181 3455 .
241 3373 520 3465 declinationem,
549 3400 622 3445 non
655 3377 699 3443 ad
726 3375 876 3443 radicem
903 3376 1114 3465 pertineret,
1146 3374 1287 3442 omniuo
1314 3375 1458 3461 intelligi
1486 3397 1558 3441 non
1588 3387 1717 3465 posset,
1756 3371 1930 3466 quomodo

118 3572 122 3579 Ι
241 3489 365 3557 Graeci
386 3491 504 3559 eadem
522 3493 653 3579 vocali,
682 3503 842 3580 tanquam
865 3491 965 3560 verbi
986 3491 1117 3576 radice,
1146 3489 1184 3559 in
1204 3490 1264 3557 illa
1287 3491 1442 3559 vocabuli
1463 3492 1705 3579 compositione
1727 3493 1776 3559 uti
1797 3496 1932 3583 potuis·

240 3619 325 3677 sent.
367 3607 537 3701 Deinceps
562 3635 578 3678 s
603 3611 716 3677 littera
742 3611 780 3675 in
806 3607 978 3675 nonnullis
1007 3605 1127 3674 formis
1153 3607 1227 3674 siva
1247 3628 1325 3673 cum
1341 3605 1531 3693 insequenti
1552 3608 1661 3673 vocali
1682 3609 1826 3694 coaluit,
1856 3611 1929 3678 sive

239 3725 342 3813 plane
363 3726 507 3811 excidit,
530 3725 721 3794 utifaotum
735 3719 900 3810 escinei,
920 3718 969 3808 ei,
991 3717 1039 3809 οἷ,
1055 3725 1101 3800 ἵν,
1123 3724 1156 3808 ἓ,
1175 3721 1265 3807 etde,
1287 3734 1321 3788 et
1336 3719 1446 3805 uisci,
1467 3719 1575 3807 αὗτῆς,
1596 3719 1700 3805 sisoi,
1723 3736 1787 3791 etc.
1830 3727 1929 3813 Quae
1977 3746 1982 3751 ·

239 3859 343 3926 quum
362 3844 410 3912 ita
430 3845 517 3928 sint,
544 3854 703 3933 apparet,
726 3870 744 3908 ο
765 3841 801 3907 in
822 3841 991 3930 plerisque
1004 3839 1129 3934 ,formis
1149 3841 1186 3906 in
1201 3865 1217 3907 s
1231 3849 1400 3906 mutatum
1422 3861 1512 3923 esse,
1530 3851 1695 3920 cautem,
1719 3863 1803 3927 quae
1824 3842 1928 3910 altera

235 3956 361 4023 ¹radicis
380 3961 548 4047 pars'est,
574 3958 664 4048 apud
687 3972 815 4025 ceteros
837 3956 984 4023 Graecos
1007 3957 1045 4024 in
1065 3957 1219 4047 spiritum
1242 3977 1420 4046 asperum,
1443 3954 1533 4043 apud
1554 3955 1680 4022 Aeoles
1701 3956 1738 4020 in
1760 3955 1928 4042 digamma

240 4073 422 4139 transiisse.
478 4075 613 4163 Atque,
643 4087 683 4141 ut
707 4098 777 4141 uno
799 4074 957 4163 exemplo
978 4073 1176 4140 sententiam
1198 4058 1476 4170 nostramlmagis
1499 4070 1712 4160 perspicuam
1734 4071 1926 4156 reddamus,

145 4200 149 4205 '
240 4193 316 4276 σοῖν
336 4211 413 4255 cum
437 4189 483 4257 aa
507 4193 554 4261 ita
567 4192 746 4280 congruit:
780 4213 844 4281 pro
864 4216 886 4258 σ
907 4191 1019 4259 littera
1039 4189 1175 4280 spiritus
1189 4210 1312 4277 asper,
1339 4210 1403 4277 pro
1425 4215 1444 4252 ο
1462 4186 1540 4253 sive
1556 4212 1580 4272 φ
1597 4188 1708 4253 littera
1729 4211 1744 4253 ε
1765 4200 1814 4255 est
1833 4190 1930 4276 posi-

241 4317 337 4391 tum,
360 4318 394 4372 et
415 4303 461 4372 ἑΐν
480 4320 602 4374 ortum.
648 4315 680 4374 Y
693 4320 806 4374 autem
829 4308 942 4374 littera
961 4306 1081 4390 eiecta,
1114 4304 1203 4394 apud
1227 4318 1353 4371 ceteros
1371 4304 1519 4370 Graecos
1532 4305 1583 4383 ἵν,
1604 4301 1693 4392 apud
1709 4302 1847 4388 Aeoles,
1869 4308 1929 4391 qui

239 4443 305 4510 pro
325 4447 347 4490 ο
363 4424 475 4489 litters
491 4421 658 4507 digamma
671 4433 957 4511 praeposuerunt,
985 4427 1041 4488 Γίν
1056 4420 1239 4488 formatum
1255 4431 1313 4486 est·
1356 4418 1507 4508 Boppius
1522 4441 1606 4484 vero
1616 4459 1631 4502 ,1
1648 4418 1928 4509 (Vergleichende

240 4537 522 4629 Zergliederung,
546 4539 647 4626 1824,
668 4561 705 4630 p.
726 4538 771 4626 6.)
792 4552 831 4606 ut
850 4559 992 4621 cumsv,
1014 4537 1126 4605 radice
1139 4537 1268 4625 indica,
1289 4532 1425 4603 usitatas
1440 4532 1652 4603 Graecorum
1670 4535 1798 4604 formas
1813 4533 1926 4623 ον,οἶ,
2001 4597 2006 4603 .
