<?xml version="1.0" encoding="UTF-8"?>
<!DOCTYPE html PUBLIC "-//W3C//DTD XHTML 1.0 Transitional//EN"
    "http://www.w3.org/TR/xhtml1/DTD/xhtml1-transitional.dtd">
<html xmlns="http://www.w3.org/1999/xhtml" xml:lang="en" lang="en">
 <head>
  <title>
</title>
<meta http-equiv="Content-Type" content="text/html;charset=utf-8" />
  <meta name='ocr-system' content='tesseract 3.04.00' />
  <meta name='ocr-capabilities' content='ocr_page ocr_carea ocr_par ocr_line ocrx_word'/>
</head>
<body>
  <div class='ocr_page' id='page_1' title='image "./maxschmidtiicom00schmgoog_0107.png"; bbox 0 0 4320 5414; ppageno 0'>
   <div class='ocr_carea' id='block_1_1' title="bbox 246 538 1975 1460">
    <p class='ocr_par' dir='ltr' id='par_1_1' title="bbox 246 538 1975 1460">
     <span class='ocr_line' id='line_1_1' title="bbox 247 538 1962 659; baseline 0.003 -27"><span class='ocrx_word' id='word_1_1' title='bbox 247 588 310 658; x_wconf 87' lang='lat' dir='ltr'><strong>per</strong></span> <span class='ocrx_word' id='word_1_2' title='bbox 329 587 354 631; x_wconf 83' lang='lat' dir='ltr'><strong>u</strong></span> <span class='ocrx_word' id='word_1_3' title='bbox 374 563 516 655; x_wconf 87' lang='lat' dir='ltr'><strong>scriptus</strong></span> <span class='ocrx_word' id='word_1_4' title='bbox 537 573 604 647; x_wconf 88' lang='lat' dir='ltr'><strong>est,</strong></span> <span class='ocrx_word' id='word_1_5' title='bbox 633 559 793 642; x_wconf 80' lang='lat' dir='ltr'><strong>domurn,</strong></span> <span class='ocrx_word' id='word_1_6' title='bbox 816 560 994 641; x_wconf 66' lang='lat' dir='ltr'><strong>nomiari,-</strong></span> <span class='ocrx_word' id='word_1_7' title='bbox 1017 557 1057 629; x_wconf 84' lang='lat' dir='ltr'><em>V</em></span> <span class='ocrx_word' id='word_1_8' title='bbox 1053 582 1188 640; x_wconf 78' lang='lat' dir='ltr'><strong>merus,</strong></span> <span class='ocrx_word' id='word_1_9' title='bbox 1219 557 1400 642; x_wconf 82' lang='lat' dir='ltr'><strong>Castorus,</strong></span> <span class='ocrx_word' id='word_1_10' title='bbox 1433 559 1584 628; x_wconf 76' lang='lat' dir='ltr'><strong>Ceteras.-</strong></span> <span class='ocrx_word' id='word_1_11' title='bbox 1623 563 1694 656; x_wconf 79' lang='lat' dir='ltr'>(Cf.</span> <span class='ocrx_word' id='word_1_12' title='bbox 1710 568 1928 659; x_wconf 77' lang='lat' dir='ltr'><strong>Harmngum</strong></span> <span class='ocrx_word' id='word_1_13' title='bbox 1957 538 1962 544; x_wconf 30' lang='lat'>⁵</span> 
     </span>
     <span class='ocr_line' id='line_1_2' title="bbox 248 670 1931 774; baseline -0.001 -22"><span class='ocrx_word' id='word_1_14' title='bbox 248 685 292 752; x_wconf 87' lang='lat' dir='ltr'><strong>de</strong></span> <span class='ocrx_word' id='word_1_15' title='bbox 313 681 454 750; x_wconf 81' lang='lat' dir='ltr'><strong>Casibus</strong></span> <span class='ocrx_word' id='word_1_16' title='bbox 474 705 510 772; x_wconf 90' lang='lat' dir='ltr'><strong>p.</strong></span> <span class='ocrx_word' id='word_1_17' title='bbox 527 679 615 767; x_wconf 86' lang='grc'><strong>161.)</strong></span> <span class='ocrx_word' id='word_1_18' title='bbox 658 678 771 766; x_wconf 82' lang='lat' dir='ltr'><strong>Atque</strong></span> <span class='ocrx_word' id='word_1_19' title='bbox 797 677 840 745; x_wconf 88' lang='lat' dir='ltr'><strong>ad</strong></span> <span class='ocrx_word' id='word_1_20' title='bbox 867 679 883 745; x_wconf 83' lang='lat' dir='ltr'><strong>i</strong></span> <span class='ocrx_word' id='word_1_21' title='bbox 905 677 1143 768; x_wconf 84' lang='lat' dir='ltr'><strong>explicandum</strong></span> <span class='ocrx_word' id='word_1_22' title='bbox 1166 670 1367 763; x_wconf 76' lang='lat' dir='ltr'><strong>Hartungus</strong></span> <span class='ocrx_word' id='word_1_23' title='bbox 1386 690 1477 745; x_wconf 87' lang='lat' dir='ltr'><strong>recte</strong></span> <span class='ocrx_word' id='word_1_24' title='bbox 1495 680 1638 747; x_wconf 90' lang='lat' dir='ltr'><strong>contulit</strong></span> <span class='ocrx_word' id='word_1_25' title='bbox 1656 704 1811 771; x_wconf 76' lang='lat' dir='ltr'><strong>graecam</strong></span> <span class='ocrx_word' id='word_1_26' title='bbox 1825 679 1931 774; x_wconf 64' lang='grc' dir='ltr'><strong>,λέγω</strong></span> 
     </span>
     <span class='ocr_line' id='line_1_3' title="bbox 248 787 1934 886; baseline 0.002 -17"><span class='ocrx_word' id='word_1_27' title='bbox 248 799 415 883; x_wconf 74' lang='lat' dir='ltr'><strong>formam,</strong></span> <span class='ocrx_word' id='word_1_28' title='bbox 438 820 557 886; x_wconf 86' lang='lat' dir='ltr'><strong>equa,</strong></span> <span class='ocrx_word' id='word_1_29' title='bbox 575 826 593 865; x_wconf 74' lang='lat' dir='ltr'><strong>s</strong></span> <span class='ocrx_word' id='word_1_30' title='bbox 613 796 695 863; x_wconf 85' lang='lat' dir='ltr'><strong>elisa</strong></span> <span class='ocrx_word' id='word_1_31' title='bbox 716 796 844 877; x_wconf 83' lang='lat' dir='ltr'><strong>littera,</strong></span> <span class='ocrx_word' id='word_1_32' title='bbox 869 795 1043 882; x_wconf 86' lang='lat' dir='ltr'><strong>vulgatum</strong></span> <span class='ocrx_word' id='word_1_33' title='bbox 1061 787 1151 880; x_wconf 71' lang='grc' dir='ltr'><strong><em>λόγου</em></strong></span> <span class='ocrx_word' id='word_1_34' title='bbox 1169 793 1297 861; x_wconf 80' lang='lat' dir='ltr'><strong>facturn</strong></span> <span class='ocrx_word' id='word_1_35' title='bbox 1315 817 1406 878; x_wconf 86' lang='lat' dir='ltr'><strong>esse,</strong></span> <span class='ocrx_word' id='word_1_36' title='bbox 1424 796 1727 865; x_wconf 82' lang='lat' dir='ltr'><strong>iamButtmaunus</strong></span> <span class='ocrx_word' id='word_1_37' title='bbox 1740 802 1838 871; x_wconf 86' lang='lat' dir='ltr'><strong>vidit.</strong></span> <span class='ocrx_word' id='word_1_38' title='bbox 1878 805 1934 872; x_wconf 78' lang='lat' dir='ltr'><strong>Ex</strong></span> 
     </span>
     <span class='ocr_line' id='line_1_4' title="bbox 248 894 1936 1009; baseline 0.001 -26"><span class='ocrx_word' id='word_1_39' title='bbox 248 917 302 985; x_wconf 86' lang='lat' dir='ltr'><strong>his</strong></span> <span class='ocrx_word' id='word_1_40' title='bbox 315 916 527 1006; x_wconf 73' lang='lat' dir='ltr'><strong>perspicitur,</strong></span> <span class='ocrx_word' id='word_1_41' title='bbox 545 939 606 994; x_wconf 74' lang='lat' dir='ltr'><strong>sec,</strong></span> <span class='ocrx_word' id='word_1_42' title='bbox 630 913 684 978; x_wconf 85' lang='lat' dir='ltr'><strong>ius</strong></span> <span class='ocrx_word' id='word_1_43' title='bbox 701 935 816 977; x_wconf 82' lang='lat' dir='ltr'><strong>veram</strong></span> <span class='ocrx_word' id='word_1_44' title='bbox 832 912 977 999; x_wconf 77' lang='lat' dir='ltr'><strong>genitivi</strong></span> <span class='ocrx_word' id='word_1_45' title='bbox 995 894 1141 978; x_wconf 80' lang='lat' dir='ltr'><strong>iormam</strong></span> <span class='ocrx_word' id='word_1_46' title='bbox 1156 909 1279 994; x_wconf 86' lang='lat' dir='ltr'><strong>fuisse,</strong></span> <span class='ocrx_word' id='word_1_47' title='bbox 1298 922 1467 979; x_wconf 75' lang='lat' dir='ltr'><strong>retentam</strong></span> <span class='ocrx_word' id='word_1_48' title='bbox 1484 912 1526 980; x_wconf 90' lang='lat' dir='ltr'><strong>ab</strong></span> <span class='ocrx_word' id='word_1_49' title='bbox 1542 912 1705 980; x_wconf 83' lang='lat' dir='ltr'><strong>Romanis</strong></span> <span class='ocrx_word' id='word_1_50' title='bbox 1722 898 1836 985; x_wconf 84' lang='lat' dir='ltr'><strong>inillis</strong></span> <span class='ocrx_word' id='word_1_51' title='bbox 1848 943 1936 1009; x_wconf 86' lang='lat' dir='ltr'><strong>pre-</strong></span> 
     </span>
     <span class='ocr_line' id='line_1_5' title="bbox 250 1026 1935 1118; baseline -0.001 -17"><span class='ocrx_word' id='word_1_52' title='bbox 250 1034 462 1115; x_wconf 76' lang='lat' dir='ltr'>nominibus,</span> <span class='ocrx_word' id='word_1_53' title='bbox 485 1053 504 1094; x_wconf 93' lang='lat' dir='ltr'><strong>e</strong></span> <span class='ocrx_word' id='word_1_54' title='bbox 528 1051 593 1115; x_wconf 86' lang='lat' dir='ltr'><strong>qua</strong></span> <span class='ocrx_word' id='word_1_55' title='bbox 617 1029 719 1113; x_wconf 85' lang='lat' dir='ltr'><strong>modo</strong></span> <span class='ocrx_word' id='word_1_56' title='bbox 743 1027 777 1106; x_wconf 86' lang='lat' dir='ltr'><strong>i,</strong></span> <span class='ocrx_word' id='word_1_57' title='bbox 802 1027 903 1094; x_wconf 91' lang='lat' dir='ltr'><strong>modo</strong></span> <span class='ocrx_word' id='word_1_58' title='bbox 924 1052 942 1091; x_wconf 88' lang='lat' dir='ltr'><strong>s</strong></span> <span class='ocrx_word' id='word_1_59' title='bbox 964 1029 1077 1094; x_wconf 88' lang='lat' dir='ltr'><strong>littera</strong></span> <span class='ocrx_word' id='word_1_60' title='bbox 1100 1028 1204 1093; x_wconf 88' lang='lat' dir='ltr'><strong>eiecta</strong></span> <span class='ocrx_word' id='word_1_61' title='bbox 1222 1038 1257 1093; x_wconf 93' lang='lat' dir='ltr'><strong>et</strong></span> <span class='ocrx_word' id='word_1_62' title='bbox 1270 1026 1308 1091; x_wconf 90' lang='lat' dir='ltr'><strong>in</strong></span> <span class='ocrx_word' id='word_1_63' title='bbox 1324 1027 1443 1093; x_wconf 88' lang='lat' dir='ltr'><strong>ceteris</strong></span> <span class='ocrx_word' id='word_1_64' title='bbox 1458 1028 1653 1094; x_wconf 90' lang='lat' dir='ltr'><strong>nominibus</strong></span> <span class='ocrx_word' id='word_1_65' title='bbox 1670 1030 1782 1098; x_wconf 82' lang='lat' dir='ltr'><strong>variae</strong></span> <span class='ocrx_word' id='word_1_66' title='bbox 1796 1034 1935 1118; x_wconf 88' lang='lat' dir='ltr'><strong>genitivi</strong></span> 
     </span>
     <span class='ocr_line' id='line_1_6' title="bbox 250 1131 1938 1235; baseline 0 -20"><span class='ocrx_word' id='word_1_67' title='bbox 250 1149 380 1215; x_wconf 81' lang='lat' dir='ltr'><strong>formae</strong></span> <span class='ocrx_word' id='word_1_68' title='bbox 400 1146 482 1213; x_wconf 91' lang='lat' dir='ltr'><strong>etin</strong></span> <span class='ocrx_word' id='word_1_69' title='bbox 498 1144 757 1234; x_wconf 74' lang='lat' dir='ltr'><strong>pronominibus</strong></span> <span class='ocrx_word' id='word_1_70' title='bbox 774 1143 1007 1231; x_wconf 89' lang='lat' dir='ltr'><strong>personalibus</strong></span> <span class='ocrx_word' id='word_1_71' title='bbox 1020 1144 1110 1228; x_wconf 77' lang='grc' dir='ltr'><strong><em>ἐμοῦ,</em></strong></span> <span class='ocrx_word' id='word_1_72' title='bbox 1131 1145 1205 1223; x_wconf 80' lang='grc' dir='ltr'><strong><em>σοῦ,</em></strong></span> <span class='ocrx_word' id='word_1_73' title='bbox 1227 1131 1283 1222; x_wconf 78' lang='grc' dir='ltr'><strong>οὗ,</strong></span> <span class='ocrx_word' id='word_1_74' title='bbox 1304 1143 1389 1223; x_wconf 85' lang='lat' dir='ltr'><strong>mei,</strong></span> <span class='ocrx_word' id='word_1_75' title='bbox 1412 1145 1484 1226; x_wconf 87' lang='lat' dir='ltr'><strong>tui,</strong></span> <span class='ocrx_word' id='word_1_76' title='bbox 1505 1145 1561 1209; x_wconf 83' lang='lat' dir='ltr'><strong>sui</strong></span> <span class='ocrx_word' id='word_1_77' title='bbox 1577 1157 1669 1211; x_wconf 85' lang='lat' dir='ltr'><strong>ortae</strong></span> <span class='ocrx_word' id='word_1_78' title='bbox 1684 1145 1761 1212; x_wconf 89' lang='lat' dir='ltr'><strong>sint</strong></span> <span class='ocrx_word' id='word_1_79' title='bbox 1807 1149 1938 1235; x_wconf 85' lang='lat' dir='ltr'><strong>Quibus</strong></span> 
     </span>
     <span class='ocr_line' id='line_1_7' title="bbox 246 1257 1975 1352; baseline -0.003 -19"><span class='ocrx_word' id='word_1_80' title='bbox 246 1264 449 1352; x_wconf 80' lang='lat' dir='ltr'><strong>antiquiores</strong></span> <span class='ocrx_word' id='word_1_81' title='bbox 463 1277 497 1326; x_wconf 85' lang='lat' dir='ltr'><strong>et</strong></span> <span class='ocrx_word' id='word_1_82' title='bbox 511 1261 621 1347; x_wconf 79' lang='lat' dir='ltr'><strong>graeei</strong></span> <span class='ocrx_word' id='word_1_83' title='bbox 634 1260 775 1328; x_wconf 85' lang='lat' dir='ltr'><strong>etlatini</strong></span> <span class='ocrx_word' id='word_1_84' title='bbox 794 1259 950 1344; x_wconf 84' lang='lat' dir='ltr'><strong>genitivi,</strong></span> <span class='ocrx_word' id='word_1_85' title='bbox 972 1258 1219 1346; x_wconf 75' lang='lat' dir='ltr'><strong>quiehabent,</strong></span> <span class='ocrx_word' id='word_1_86' title='bbox 1242 1257 1349 1343; x_wconf 72' lang='lat' dir='ltr'><strong>iperio,</strong></span> <span class='ocrx_word' id='word_1_87' title='bbox 1371 1259 1475 1342; x_wconf 80' lang='grc' dir='ltr'><strong><em>έμέος,</em></strong></span> <span class='ocrx_word' id='word_1_88' title='bbox 1497 1263 1602 1344; x_wconf 71' lang='lat' dir='ltr'><strong>ipsis,</strong></span> <span class='ocrx_word' id='word_1_89' title='bbox 1624 1263 1710 1343; x_wconf 70' lang='grc' dir='ltr'><strong><em>πέος,</em></strong></span> <span class='ocrx_word' id='word_1_90' title='bbox 1730 1265 1817 1346; x_wconf 71' lang='lat' dir='ltr'><strong>ratic,</strong></span> <span class='ocrx_word' id='word_1_91' title='bbox 1838 1270 1934 1343; x_wconf 72' lang='lat' dir='ltr'><strong>eleae,</strong></span> <span class='ocrx_word' id='word_1_92' title='bbox 1972 1323 1975 1327; x_wconf 84' lang='lat'>.</span> 
     </span>
     <span class='ocr_line' id='line_1_8' title="bbox 247 1371 1582 1460; baseline -0.004 -10"><span class='ocrx_word' id='word_1_93' title='bbox 247 1386 337 1460; x_wconf 73' lang='lat' dir='ltr'><strong>clue,</strong></span> <span class='ocrx_word' id='word_1_94' title='bbox 364 1379 450 1458; x_wconf 78' lang='lat' dir='ltr'><strong>mis,</strong></span> <span class='ocrx_word' id='word_1_95' title='bbox 480 1377 545 1455; x_wconf 83' lang='lat' dir='ltr'><strong>tis,</strong></span> <span class='ocrx_word' id='word_1_96' title='bbox 567 1376 624 1440; x_wconf 86' lang='lat' dir='ltr'><strong>sis.</strong></span> <span class='ocrx_word' id='word_1_97' title='bbox 668 1377 722 1443; x_wconf 92' lang='lat' dir='ltr'><strong>De</strong></span> <span class='ocrx_word' id='word_1_98' title='bbox 739 1376 872 1458; x_wconf 67' lang='grc' dir='ltr'><strong>ἐμέθεν,</strong></span> <span class='ocrx_word' id='word_1_99' title='bbox 900 1376 1012 1456; x_wconf 76' lang='grc' dir='ltr'><strong><em>σέθεν,</em></strong></span> <span class='ocrx_word' id='word_1_100' title='bbox 1037 1381 1113 1442; x_wconf 61' lang='grc' dir='ltr'><strong>ἕθεν</strong></span> <span class='ocrx_word' id='word_1_101' title='bbox 1135 1371 1225 1440; x_wconf 78' lang='lat' dir='ltr'><strong>infra</strong></span> <span class='ocrx_word' id='word_1_102' title='bbox 1247 1376 1279 1458; x_wconf 55' lang='grc' dir='ltr'><strong>ᾗ.</strong></span> <span class='ocrx_word' id='word_1_103' title='bbox 1293 1379 1347 1444; x_wconf 79' lang='lat'><strong>26.</strong></span> <span class='ocrx_word' id='word_1_104' title='bbox 1369 1396 1482 1442; x_wconf 87' lang='lat' dir='ltr'><strong>sermo</strong></span> <span class='ocrx_word' id='word_1_105' title='bbox 1503 1379 1582 1446; x_wconf 84' lang='lat' dir='ltr'><strong>erit.</strong></span> 
     </span>
    </p>
   </div>
   <div class='ocr_carea' id='block_1_2' title="bbox 698 1665 1486 1879">
    <p class='ocr_par' dir='ltr' id='par_1_2' title="bbox 698 1665 1486 1879">
     <span class='ocr_line' id='line_1_9' title="bbox 1030 1665 1156 1757; baseline 0 -17"><span class='ocrx_word' id='word_1_106' title='bbox 1030 1674 1064 1757; x_wconf 66' lang='lat' dir='ltr'><strong>s.</strong></span> <span class='ocrx_word' id='word_1_107' title='bbox 1090 1665 1156 1740; x_wconf 81' lang='lat'><strong>22.</strong></span> 
     </span>
     <span class='ocr_line' id='line_1_10' title="bbox 698 1805 1486 1879; baseline 0.001 -17"><span class='ocrx_word' id='word_1_108' title='bbox 698 1807 761 1862; x_wconf 83' lang='lat' dir='ltr'><strong>nr</strong></span> <span class='ocrx_word' id='word_1_109' title='bbox 791 1805 957 1864; x_wconf 75' lang='lat' dir='ltr'><strong>usrrv1</strong></span> <span class='ocrx_word' id='word_1_110' title='bbox 989 1805 1270 1879; x_wconf 75' lang='lat' dir='ltr'><strong>srununsms</strong></span> <span class='ocrx_word' id='word_1_111' title='bbox 1299 1806 1486 1865; x_wconf 78' lang='lat' dir='ltr'><strong>sensns.</strong></span> 
     </span>
    </p>
   </div>
   <div class='ocr_carea' id='block_1_3' title="bbox 99 1935 2038 4327">
    <p class='ocr_par' dir='ltr' id='par_1_3' title="bbox 198 1935 1934 2145">
     <span class='ocr_line' id='line_1_11' title="bbox 330 1935 1933 2030; baseline 0.005 -26.391"><span class='ocrx_word' id='word_1_112' title='bbox 330 1998 334 2003; x_wconf 93' lang='lat'>.</span> <span class='ocrx_word' id='word_1_113' title='bbox 356 1948 391 2025; x_wconf 82' lang='lat'><strong>1)</strong></span> <span class='ocrx_word' id='word_1_114' title='bbox 414 1941 511 2027; x_wconf 86' lang='lat' dir='ltr'><strong>Quae</strong></span> <span class='ocrx_word' id='word_1_115' title='bbox 533 1937 639 2006; x_wconf 86' lang='lat' dir='ltr'><strong>dativi</strong></span> <span class='ocrx_word' id='word_1_116' title='bbox 660 1936 772 2006; x_wconf 89' lang='lat' dir='ltr'><strong>forma</strong></span> <span class='ocrx_word' id='word_1_117' title='bbox 794 1940 898 2006; x_wconf 81' lang='lat' dir='ltr'><strong>fuerit</strong></span> <span class='ocrx_word' id='word_1_118' title='bbox 916 1937 1073 2029; x_wconf 88' lang='lat' dir='ltr'><strong>propria,</strong></span> <span class='ocrx_word' id='word_1_119' title='bbox 1104 1935 1241 2004; x_wconf 85' lang='lat' dir='ltr'><strong>difficile</strong></span> <span class='ocrx_word' id='word_1_120' title='bbox 1261 1949 1310 2005; x_wconf 91' lang='lat' dir='ltr'><strong>est</strong></span> <span class='ocrx_word' id='word_1_121' title='bbox 1331 1938 1441 2025; x_wconf 84' lang='lat' dir='ltr'><strong>dictu3</strong></span> <span class='ocrx_word' id='word_1_122' title='bbox 1471 1962 1556 2028; x_wconf 88' lang='lat' dir='ltr'><strong>quae</strong></span> <span class='ocrx_word' id='word_1_123' title='bbox 1573 1939 1796 2030; x_wconf 72' lang='lat' dir='ltr'><strong>significatio,</strong></span> <span class='ocrx_word' id='word_1_124' title='bbox 1825 1945 1933 2011; x_wconf 85' lang='lat' dir='ltr'><strong>multo</strong></span> 
     </span>
     <span class='ocr_line' id='line_1_12' title="bbox 249 2030 1934 2145; baseline -0.004 -14"><span class='ocrx_word' id='word_1_125' title='bbox 249 2060 350 2132; x_wconf 81' lang='lat' dir='ltr'><strong>etiam</strong></span> <span class='ocrx_word' id='word_1_126' title='bbox 371 2030 552 2124; x_wconf 84' lang='lat' dir='ltr'><strong>difficilius.</strong></span> <span class='ocrx_word' id='word_1_127' title='bbox 595 2056 684 2122; x_wconf 88' lang='lat' dir='ltr'><strong>Nam</strong></span> <span class='ocrx_word' id='word_1_128' title='bbox 704 2055 742 2122; x_wconf 91' lang='lat' dir='ltr'><strong>in</strong></span> <span class='ocrx_word' id='word_1_129' title='bbox 760 2055 932 2145; x_wconf 86' lang='lat' dir='ltr'><strong>plerisque</strong></span> <span class='ocrx_word' id='word_1_130' title='bbox 944 2055 1068 2142; x_wconf 78' lang='lat' dir='ltr'><strong>linguis</strong></span> <span class='ocrx_word' id='word_1_131' title='bbox 1083 2053 1237 2121; x_wconf 87' lang='lat' dir='ltr'><strong>notiones</strong></span> <span class='ocrx_word' id='word_1_132' title='bbox 1249 2076 1344 2120; x_wconf 88' lang='lat' dir='ltr'><strong>casus</strong></span> <span class='ocrx_word' id='word_1_133' title='bbox 1356 2054 1514 2141; x_wconf 87' lang='lat' dir='ltr'><strong>ablativi,</strong></span> <span class='ocrx_word' id='word_1_134' title='bbox 1536 2051 1819 2142; x_wconf 72' lang='lat' dir='ltr'><strong>instrumentalis,</strong></span> <span class='ocrx_word' id='word_1_135' title='bbox 1838 2058 1934 2125; x_wconf 88' lang='lat' dir='ltr'><strong>loca·</strong></span> 
     </span>
    </p>

    <p class='ocr_par' dir='ltr' id='par_1_4' title="bbox 190 2156 2038 2844">
     <span class='ocr_line' id='line_1_13' title="bbox 190 2156 2038 2259; baseline -0.003 -14"><span class='ocrx_word' id='word_1_136' title='bbox 190 2192 194 2210; x_wconf 92' lang='lat'>&#39;</span> <span class='ocrx_word' id='word_1_137' title='bbox 251 2177 316 2245; x_wconf 90' lang='lat' dir='ltr'><strong>tivi</strong></span> <span class='ocrx_word' id='word_1_138' title='bbox 330 2187 365 2242; x_wconf 89' lang='lat' dir='ltr'><strong>et</strong></span> <span class='ocrx_word' id='word_1_139' title='bbox 379 2171 496 2256; x_wconf 87' lang='lat' dir='ltr'><strong>dativi,</strong></span> <span class='ocrx_word' id='word_1_140' title='bbox 519 2171 575 2257; x_wconf 88' lang='lat' dir='ltr'><strong>qui</strong></span> <span class='ocrx_word' id='word_1_141' title='bbox 591 2170 774 2256; x_wconf 89' lang='lat' dir='ltr'><strong>antiquitus</strong></span> <span class='ocrx_word' id='word_1_142' title='bbox 790 2181 823 2237; x_wconf 90' lang='lat' dir='ltr'><strong>et</strong></span> <span class='ocrx_word' id='word_1_143' title='bbox 838 2169 949 2237; x_wconf 81' lang='lat' dir='ltr'><strong>forma</strong></span> <span class='ocrx_word' id='word_1_144' title='bbox 966 2182 999 2236; x_wconf 89' lang='lat' dir='ltr'><strong>et</strong></span> <span class='ocrx_word' id='word_1_145' title='bbox 1015 2169 1175 2254; x_wconf 89' lang='lat' dir='ltr'><strong>loquendi</strong></span> <span class='ocrx_word' id='word_1_146' title='bbox 1189 2171 1434 2239; x_wconf 84' lang='lat' dir='ltr'><strong>consuetudine</strong></span> <span class='ocrx_word' id='word_1_147' title='bbox 1448 2171 1602 2241; x_wconf 87' lang='lat' dir='ltr'><strong>disiuncti</strong></span> <span class='ocrx_word' id='word_1_148' title='bbox 1616 2156 1722 2255; x_wconf 81' lang='lat' dir='ltr'><strong>erant,</strong></span> <span class='ocrx_word' id='word_1_149' title='bbox 1744 2195 1811 2239; x_wconf 89' lang='lat' dir='ltr'><strong>una</strong></span> <span class='ocrx_word' id='word_1_150' title='bbox 1826 2173 1934 2259; x_wconf 75' lang='lat' dir='ltr'><strong>datiqi</strong></span> <span class='ocrx_word' id='word_1_151' title='bbox 2035 2158 2038 2163; x_wconf 35' lang='lat'>⁵</span> 
     </span>
     <span class='ocr_line' id='line_1_14' title="bbox 249 2283 1932 2375; baseline -0.002 -17"><span class='ocrx_word' id='word_1_152' title='bbox 249 2290 362 2358; x_wconf 79' lang='lat' dir='ltr'><strong>forma</strong></span> <span class='ocrx_word' id='word_1_153' title='bbox 389 2287 594 2374; x_wconf 83' lang='lat' dir='ltr'><strong>significatae</strong></span> <span class='ocrx_word' id='word_1_154' title='bbox 619 2299 705 2351; x_wconf 81' lang='lat' dir='ltr'><strong>sunt</strong></span> <span class='ocrx_word' id='word_1_155' title='bbox 749 2287 798 2353; x_wconf 91' lang='lat' dir='ltr'><strong>lta</strong></span> <span class='ocrx_word' id='word_1_156' title='bbox 821 2287 912 2374; x_wconf 87' lang='lat' dir='ltr'><strong>apud</strong></span> <span class='ocrx_word' id='word_1_157' title='bbox 932 2285 1119 2352; x_wconf 81' lang='lat' dir='ltr'><strong>Germanos</strong></span> <span class='ocrx_word' id='word_1_158' title='bbox 1142 2283 1268 2353; x_wconf 82' lang='lat' dir='ltr'><strong>faotnm</strong></span> <span class='ocrx_word' id='word_1_159' title='bbox 1292 2298 1351 2352; x_wconf 86' lang='lat' dir='ltr'><strong>est</strong></span> <span class='ocrx_word' id='word_1_160' title='bbox 1396 2287 1521 2353; x_wconf 80' lang='lat' dir='ltr'>Contra</span> <span class='ocrx_word' id='word_1_161' title='bbox 1539 2288 1664 2354; x_wconf 85' lang='lat' dir='ltr'><strong>Graeci</strong></span> <span class='ocrx_word' id='word_1_162' title='bbox 1684 2289 1819 2375; x_wconf 83' lang='lat' dir='ltr'><strong>ceteris,</strong></span> <span class='ocrx_word' id='word_1_163' title='bbox 1846 2309 1932 2373; x_wconf 87' lang='lat' dir='ltr'><strong>quos</strong></span> 
     </span>
     <span class='ocr_line' id='line_1_15' title="bbox 248 2399 1932 2496; baseline -0.004 -23"><span class='ocrx_word' id='word_1_164' title='bbox 248 2427 350 2496; x_wconf 86' lang='lat' dir='ltr'><strong>supra</strong></span> <span class='ocrx_word' id='word_1_165' title='bbox 365 2401 651 2495; x_wconf 79' lang='lat' dir='ltr'><strong>commemoravi,</strong></span> <span class='ocrx_word' id='word_1_166' title='bbox 677 2401 807 2464; x_wconf 84' lang='lat' dir='ltr'><strong>casibus</strong></span> <span class='ocrx_word' id='word_1_167' title='bbox 832 2414 948 2494; x_wconf 82' lang='lat' dir='ltr'><strong>carent</strong></span> <span class='ocrx_word' id='word_1_168' title='bbox 973 2413 1006 2464; x_wconf 86' lang='lat' dir='ltr'><strong>et</strong></span> <span class='ocrx_word' id='word_1_169' title='bbox 1028 2423 1134 2464; x_wconf 89' lang='lat' dir='ltr'><strong>unum</strong></span> <span class='ocrx_word' id='word_1_170' title='bbox 1155 2402 1301 2465; x_wconf 81' lang='lat' dir='ltr'><strong>retinent</strong></span> <span class='ocrx_word' id='word_1_171' title='bbox 1319 2402 1522 2482; x_wconf 80' lang='lat' dir='ltr'><strong>lemtivum3</strong></span> <span class='ocrx_word' id='word_1_172' title='bbox 1549 2400 1605 2489; x_wconf 86' lang='lat' dir='ltr'>(cf.</span> <span class='ocrx_word' id='word_1_173' title='bbox 1627 2399 1737 2491; x_wconf 84' lang='lat'><strong>§.17.)</strong></span> <span class='ocrx_word' id='word_1_174' title='bbox 1767 2402 1932 2469; x_wconf 89' lang='lat' dir='ltr'><strong>Romanis</strong></span> 
     </span>
     <span class='ocr_line' id='line_1_16' title="bbox 250 2513 1934 2604; baseline -0.002 -15"><span class='ocrx_word' id='word_1_175' title='bbox 250 2544 335 2589; x_wconf 86' lang='lat' dir='ltr'><strong>vero</strong></span> <span class='ocrx_word' id='word_1_176' title='bbox 366 2530 402 2584; x_wconf 93' lang='lat' dir='ltr'><strong>et</strong></span> <span class='ocrx_word' id='word_1_177' title='bbox 425 2515 596 2583; x_wconf 51' lang='lat' dir='ltr'><strong>ablativus*</strong></span> <span class='ocrx_word' id='word_1_178' title='bbox 622 2526 668 2580; x_wconf 85' lang='lat' dir='ltr'><strong>eet</strong></span> <span class='ocrx_word' id='word_1_179' title='bbox 702 2525 737 2578; x_wconf 90' lang='lat' dir='ltr'><strong>et</strong></span> <span class='ocrx_word' id='word_1_180' title='bbox 765 2513 897 2580; x_wconf 80' lang='lat' dir='ltr'><strong>dativus</strong></span> <span class='ocrx_word' id='word_1_181' title='bbox 923 2514 959 2580; x_wconf 90' lang='lat' dir='ltr'><strong>in</strong></span> <span class='ocrx_word' id='word_1_182' title='bbox 984 2535 1065 2596; x_wconf 90' lang='lat' dir='ltr'><strong>usu,</strong></span> <span class='ocrx_word' id='word_1_183' title='bbox 1105 2528 1139 2581; x_wconf 91' lang='lat' dir='ltr'><strong>et</strong></span> <span class='ocrx_word' id='word_1_184' title='bbox 1160 2537 1246 2601; x_wconf 87' lang='lat' dir='ltr'><strong>quae</strong></span> <span class='ocrx_word' id='word_1_185' title='bbox 1263 2516 1356 2604; x_wconf 87' lang='lat' dir='ltr'><strong>apud</strong></span> <span class='ocrx_word' id='word_1_186' title='bbox 1379 2541 1436 2582; x_wconf 89' lang='lat' dir='ltr'><strong>eos</strong></span> <span class='ocrx_word' id='word_1_187' title='bbox 1457 2517 1595 2583; x_wconf 90' lang='lat' dir='ltr'><strong>locativi</strong></span> <span class='ocrx_word' id='word_1_188' title='bbox 1616 2530 1649 2585; x_wconf 91' lang='lat' dir='ltr'><strong>et</strong></span> <span class='ocrx_word' id='word_1_189' title='bbox 1670 2518 1934 2598; x_wconf 63' lang='lat' dir='ltr'><strong>instrumentalis</strong></span> 
     </span>
     <span class='ocr_line' id='line_1_17' title="bbox 248 2629 1933 2730; baseline -0.003 -24"><span class='ocrx_word' id='word_1_190' title='bbox 248 2643 429 2730; x_wconf 82' lang='lat' dir='ltr'><strong>supersunt</strong></span> <span class='ocrx_word' id='word_1_191' title='bbox 439 2631 621 2720; x_wconf 78' lang='lat' dir='ltr'><strong>reliquiae,</strong></span> <span class='ocrx_word' id='word_1_192' title='bbox 641 2652 695 2696; x_wconf 82' lang='lat' dir='ltr'><strong>ess</strong></span> <span class='ocrx_word' id='word_1_193' title='bbox 711 2629 768 2696; x_wconf 88' lang='lat' dir='ltr'><strong>alii</strong></span> <span class='ocrx_word' id='word_1_194' title='bbox 785 2630 945 2696; x_wconf 85' lang='lat' dir='ltr'><strong>aliorsum</strong></span> <span class='ocrx_word' id='word_1_195' title='bbox 966 2640 1153 2696; x_wconf 78' lang='lat' dir='ltr'><strong>traxerunt.</strong></span> <span class='ocrx_word' id='word_1_196' title='bbox 1195 2631 1252 2698; x_wconf 89' lang='lat' dir='ltr'><strong>Ac</strong></span> <span class='ocrx_word' id='word_1_197' title='bbox 1265 2630 1312 2714; x_wconf 92' lang='lat' dir='ltr'><strong>si,</strong></span> <span class='ocrx_word' id='word_1_198' title='bbox 1334 2631 1414 2719; x_wconf 94' lang='lat' dir='ltr'><strong>quid</strong></span> <span class='ocrx_word' id='word_1_199' title='bbox 1428 2632 1518 2722; x_wconf 87' lang='lat' dir='ltr'><strong>apud</strong></span> <span class='ocrx_word' id='word_1_200' title='bbox 1534 2633 1681 2700; x_wconf 85' lang='lat' dir='ltr'><strong>Graecos</strong></span> <span class='ocrx_word' id='word_1_201' title='bbox 1699 2632 1832 2700; x_wconf 86' lang='lat' dir='ltr'><strong>dativus</strong></span> <span class='ocrx_word' id='word_1_202' title='bbox 1846 2657 1933 2723; x_wconf 89' lang='lat' dir='ltr'><strong>pro·</strong></span> 
     </span>
     <span class='ocr_line' id='line_1_18' title="bbox 248 2744 1933 2844; baseline -0.001 -25"><span class='ocrx_word' id='word_1_203' title='bbox 248 2752 325 2844; x_wconf 87' lang='lat' dir='ltr'><strong>prie</strong></span> <span class='ocrx_word' id='word_1_204' title='bbox 346 2747 521 2837; x_wconf 86' lang='lat' dir='ltr'><strong>significet,</strong></span> <span class='ocrx_word' id='word_1_205' title='bbox 551 2744 760 2833; x_wconf 76' lang='lat' dir='ltr'><strong>quaerimus,</strong></span> <span class='ocrx_word' id='word_1_206' title='bbox 789 2745 826 2812; x_wconf 95' lang='lat' dir='ltr'><strong>id</strong></span> <span class='ocrx_word' id='word_1_207' title='bbox 839 2745 977 2833; x_wconf 88' lang='lat' dir='ltr'><strong>quidem</strong></span> <span class='ocrx_word' id='word_1_208' title='bbox 995 2767 1040 2811; x_wconf 82' lang='lat' dir='ltr'><strong>ex</strong></span> <span class='ocrx_word' id='word_1_209' title='bbox 1053 2746 1109 2826; x_wconf 89' lang='lat' dir='ltr'><strong>iis,</strong></span> <span class='ocrx_word' id='word_1_210' title='bbox 1127 2768 1217 2834; x_wconf 88' lang='lat' dir='ltr'><strong>quae</strong></span> <span class='ocrx_word' id='word_1_211' title='bbox 1236 2749 1265 2831; x_wconf 55' lang='lat' dir='ltr'><strong>p</strong></span> <span class='ocrx_word' id='word_1_212' title='bbox 1286 2751 1336 2813; x_wconf 83' lang='lat'><strong>17.</strong></span> <span class='ocrx_word' id='word_1_213' title='bbox 1349 2757 1430 2814; x_wconf 90' lang='lat' dir='ltr'><strong>sunt</strong></span> <span class='ocrx_word' id='word_1_214' title='bbox 1450 2747 1622 2837; x_wconf 73' lang='lat' dir='ltr'><strong>exposita,</strong></span> <span class='ocrx_word' id='word_1_215' title='bbox 1642 2750 1856 2839; x_wconf 85' lang='lat' dir='ltr'><strong>perspicuum</strong></span> <span class='ocrx_word' id='word_1_216' title='bbox 1870 2763 1933 2818; x_wconf 85' lang='lat' dir='ltr'><strong>est.</strong></span> 
     </span>
    </p>

    <p class='ocr_par' dir='ltr' id='par_1_5' title="bbox 99 2861 2013 3183">
     <span class='ocr_line' id='line_1_19' title="bbox 99 2861 1964 2965; baseline -0.002 -31"><span class='ocrx_word' id='word_1_217' title='bbox 99 2954 104 2965; x_wconf 31' lang='grc'><strong><em>1</em></strong></span> <span class='ocrx_word' id='word_1_218' title='bbox 247 2866 391 2958; x_wconf 88' lang='lat' dir='ltr'><strong>Proprie</strong></span> <span class='ocrx_word' id='word_1_219' title='bbox 412 2861 502 2931; x_wconf 83' lang='lat' dir='ltr'><strong>enim</strong></span> <span class='ocrx_word' id='word_1_220' title='bbox 521 2863 649 2945; x_wconf 85' lang='lat' dir='ltr'><strong>locum,</strong></span> <span class='ocrx_word' id='word_1_221' title='bbox 672 2863 709 2929; x_wconf 89' lang='lat' dir='ltr'><strong>in</strong></span> <span class='ocrx_word' id='word_1_222' title='bbox 731 2883 798 2948; x_wconf 91' lang='lat' dir='ltr'><strong>quo</strong></span> <span class='ocrx_word' id='word_1_223' title='bbox 819 2861 943 2950; x_wconf 86' lang='lat' dir='ltr'><strong>aliquid</strong></span> <span class='ocrx_word' id='word_1_224' title='bbox 958 2861 1034 2946; x_wconf 88' lang='lat' dir='ltr'><strong>liat,</strong></span> <span class='ocrx_word' id='word_1_225' title='bbox 1057 2885 1098 2928; x_wconf 87' lang='lat' dir='ltr'><strong>eo</strong></span> <span class='ocrx_word' id='word_1_226' title='bbox 1112 2862 1261 2952; x_wconf 83' lang='lat' dir='ltr'><strong>exprimi</strong></span> <span class='ocrx_word' id='word_1_227' title='bbox 1277 2885 1355 2930; x_wconf 89' lang='lat' dir='ltr'><strong>cum</strong></span> <span class='ocrx_word' id='word_1_228' title='bbox 1372 2861 1483 2930; x_wconf 83' lang='lat' dir='ltr'><strong>forma</strong></span> <span class='ocrx_word' id='word_1_229' title='bbox 1498 2862 1641 2950; x_wconf 87' lang='lat' dir='ltr'><strong>indicet,</strong></span> <span class='ocrx_word' id='word_1_230' title='bbox 1666 2876 1742 2932; x_wconf 89' lang='lat' dir='ltr'><strong>tum</strong></span> <span class='ocrx_word' id='word_1_231' title='bbox 1754 2886 1817 2931; x_wconf 84' lang='lat' dir='ltr'><strong>usu</strong></span> <span class='ocrx_word' id='word_1_232' title='bbox 1832 2862 1932 2934; x_wconf 82' lang='lat' dir='ltr'><strong>facile</strong></span> <span class='ocrx_word' id='word_1_233' title='bbox 1959 2924 1964 2931; x_wconf 83' lang='grc'><strong>.</strong></span> 
     </span>
     <span class='ocr_line' id='line_1_20' title="bbox 173 2975 1932 3074; baseline 0.001 -25"><span class='ocrx_word' id='word_1_234' title='bbox 173 3055 179 3067; x_wconf 56' lang='grc'><strong><em>,</em></strong></span> <span class='ocrx_word' id='word_1_235' title='bbox 246 2996 358 3074; x_wconf 91' lang='lat' dir='ltr'><strong>potest</strong></span> <span class='ocrx_word' id='word_1_236' title='bbox 383 2978 605 3067; x_wconf 82' lang='lat' dir='ltr'><strong>comprobari.</strong></span> <span class='ocrx_word' id='word_1_237' title='bbox 648 2978 753 3044; x_wconf 89' lang='lat' dir='ltr'><strong>Plane</strong></span> <span class='ocrx_word' id='word_1_238' title='bbox 781 2977 847 3043; x_wconf 89' lang='lat' dir='ltr'><strong>alia</strong></span> <span class='ocrx_word' id='word_1_239' title='bbox 872 2987 987 3043; x_wconf 88' lang='lat' dir='ltr'><strong>autem</strong></span> <span class='ocrx_word' id='word_1_240' title='bbox 1016 2975 1120 3043; x_wconf 84' lang='lat' dir='ltr'><strong>dativi</strong></span> <span class='ocrx_word' id='word_1_241' title='bbox 1147 2978 1238 3046; x_wconf 84' lang='lat' dir='ltr'><strong>ratio</strong></span> <span class='ocrx_word' id='word_1_242' title='bbox 1260 2991 1314 3045; x_wconf 88' lang='lat' dir='ltr'><strong>est</strong></span> <span class='ocrx_word' id='word_1_243' title='bbox 1341 2979 1377 3045; x_wconf 91' lang='lat' dir='ltr'><strong>in</strong></span> <span class='ocrx_word' id='word_1_244' title='bbox 1400 2979 1515 3066; x_wconf 80' lang='lat' dir='ltr'><strong>lingua</strong></span> <span class='ocrx_word' id='word_1_245' title='bbox 1535 3001 1689 3047; x_wconf 84' lang='lat' dir='ltr'><strong>romana.</strong></span> <span class='ocrx_word' id='word_1_246' title='bbox 1732 2983 1825 3048; x_wconf 89' lang='lat' dir='ltr'><strong>Nam</strong></span> <span class='ocrx_word' id='word_1_247' title='bbox 1845 3004 1932 3051; x_wconf 86' lang='lat' dir='ltr'><strong>oum</strong></span> 
     </span>
     <span class='ocr_line' id='line_1_21' title="bbox 170 3092 2013 3183; baseline 0 -18"><span class='ocrx_word' id='word_1_248' title='bbox 170 3115 174 3120; x_wconf 88' lang='grc'><strong>’</strong></span> <span class='ocrx_word' id='word_1_249' title='bbox 246 3095 396 3166; x_wconf 86' lang='lat' dir='ltr'><strong>Romani</strong></span> <span class='ocrx_word' id='word_1_250' title='bbox 424 3116 520 3160; x_wconf 86' lang='lat' dir='ltr'><strong>casus</strong></span> <span class='ocrx_word' id='word_1_251' title='bbox 546 3092 681 3159; x_wconf 84' lang='lat' dir='ltr'><strong>locativi</strong></span> <span class='ocrx_word' id='word_1_252' title='bbox 710 3103 744 3160; x_wconf 92' lang='lat' dir='ltr'><strong>et</strong></span> <span class='ocrx_word' id='word_1_253' title='bbox 779 3092 1041 3160; x_wconf 77' lang='lat' dir='ltr'><strong>instrumentalis</strong></span> <span class='ocrx_word' id='word_1_254' title='bbox 1066 3093 1220 3160; x_wconf 90' lang='lat' dir='ltr'><strong>notiones</strong></span> <span class='ocrx_word' id='word_1_255' title='bbox 1249 3093 1290 3160; x_wconf 85' lang='lat' dir='ltr'><strong>ad</strong></span> <span class='ocrx_word' id='word_1_256' title='bbox 1323 3094 1509 3163; x_wconf 73' lang='lat' dir='ltr'><strong>ablativum</strong></span> <span class='ocrx_word' id='word_1_257' title='bbox 1537 3096 1786 3177; x_wconf 87' lang='lat' dir='ltr'><strong>transtulerint,</strong></span> <span class='ocrx_word' id='word_1_258' title='bbox 1822 3117 1933 3183; x_wconf 88' lang='lat' dir='ltr'><strong>quae·</strong></span> <span class='ocrx_word' id='word_1_259' title='bbox 1997 3124 2013 3141; x_wconf 82' lang='grc'><em>·</em></span> 
     </span>
    </p>

    <p class='ocr_par' dir='ltr' id='par_1_6' title="bbox 189 3208 1946 3882">
     <span class='ocr_line' id='line_1_22' title="bbox 189 3208 1946 3298; baseline 0.001 -17"><span class='ocrx_word' id='word_1_260' title='bbox 189 3278 195 3295; x_wconf 82' lang='grc'><strong><em>,</em></strong></span> <span class='ocrx_word' id='word_1_261' title='bbox 246 3217 353 3295; x_wconf 87' lang='lat' dir='ltr'><strong>ritur,</strong></span> <span class='ocrx_word' id='word_1_262' title='bbox 381 3233 483 3298; x_wconf 90' lang='lat' dir='ltr'><strong>quam</strong></span> <span class='ocrx_word' id='word_1_263' title='bbox 502 3208 784 3298; x_wconf 84' lang='lat' dir='ltr'><strong>significationem</strong></span> <span class='ocrx_word' id='word_1_264' title='bbox 807 3209 1057 3276; x_wconf 81' lang='lat' dir='ltr'><strong>reservaverint</strong></span> <span class='ocrx_word' id='word_1_265' title='bbox 1078 3208 1217 3277; x_wconf 83' lang='lat' dir='ltr'><strong>dativo?</strong></span> <span class='ocrx_word' id='word_1_266' title='bbox 1245 3209 1313 3276; x_wconf 87' lang='lat' dir='ltr'><strong>Sed</strong></span> <span class='ocrx_word' id='word_1_267' title='bbox 1325 3211 1412 3276; x_wconf 82' lang='lat' dir='ltr'><strong>hanc</strong></span> <span class='ocrx_word' id='word_1_268' title='bbox 1425 3233 1498 3277; x_wconf 89' lang='lat' dir='ltr'><strong>rem</strong></span> <span class='ocrx_word' id='word_1_269' title='bbox 1511 3212 1705 3294; x_wconf 86' lang='lat' dir='ltr'><strong>absolvere,</strong></span> <span class='ocrx_word' id='word_1_270' title='bbox 1727 3213 1768 3279; x_wconf 89' lang='lat' dir='ltr'><strong>ab</strong></span> <span class='ocrx_word' id='word_1_271' title='bbox 1783 3213 1946 3293; x_wconf 68' lang='lat' dir='ltr'><strong>hac&#39;dis·,</strong></span> 
     </span>
     <span class='ocr_line' id='line_1_23' title="bbox 246 3323 1933 3421; baseline 0.003 -27"><span class='ocrx_word' id='word_1_272' title='bbox 246 3329 421 3418; x_wconf 87' lang='lat' dir='ltr'><strong>putatione</strong></span> <span class='ocrx_word' id='word_1_273' title='bbox 434 3327 590 3421; x_wconf 82' lang='lat' dir='ltr'><strong>¹alienum</strong></span> <span class='ocrx_word' id='word_1_274' title='bbox 612 3338 672 3392; x_wconf 85' lang='lat' dir='ltr'><strong>est</strong></span> <span class='ocrx_word' id='word_1_275' title='bbox 714 3323 768 3390; x_wconf 90' lang='lat' dir='ltr'><strong>De</strong></span> <span class='ocrx_word' id='word_1_276' title='bbox 789 3323 991 3415; x_wconf 86' lang='lat' dir='ltr'><strong>pronomine</strong></span> <span class='ocrx_word' id='word_1_277' title='bbox 1013 3327 1105 3391; x_wconf 87' lang='lat' dir='ltr'><strong>enim</strong></span> <span class='ocrx_word' id='word_1_278' title='bbox 1127 3326 1271 3412; x_wconf 80' lang='lat' dir='ltr'><strong>agimus,</strong></span> <span class='ocrx_word' id='word_1_279' title='bbox 1294 3349 1365 3392; x_wconf 90' lang='lat' dir='ltr'><strong>non</strong></span> <span class='ocrx_word' id='word_1_280' title='bbox 1383 3324 1426 3392; x_wconf 86' lang='lat' dir='ltr'><strong>de</strong></span> <span class='ocrx_word' id='word_1_281' title='bbox 1448 3349 1584 3394; x_wconf 86' lang='lat' dir='ltr'><strong>casuum</strong></span> <span class='ocrx_word' id='word_1_282' title='bbox 1605 3328 1864 3416; x_wconf 84' lang='lat' dir='ltr'><strong>significatione,</strong></span> <span class='ocrx_word' id='word_1_283' title='bbox 1888 3331 1933 3400; x_wconf 84' lang='lat' dir='ltr'><strong>de</strong></span> 
     </span>
     <span class='ocr_line' id='line_1_24' title="bbox 247 3418 1931 3533; baseline 0.004 -24"><span class='ocrx_word' id='word_1_284' title='bbox 247 3467 314 3533; x_wconf 89' lang='lat' dir='ltr'><strong>qua</strong></span> <span class='ocrx_word' id='word_1_285' title='bbox 339 3444 404 3509; x_wconf 84' lang='lat' dir='ltr'><strong>alio</strong></span> <span class='ocrx_word' id='word_1_286' title='bbox 425 3454 577 3532; x_wconf 87' lang='lat' dir='ltr'><strong>tempore</strong></span> <span class='ocrx_word' id='word_1_287' title='bbox 595 3441 731 3507; x_wconf 87' lang='lat' dir='ltr'><strong>dicendi</strong></span> <span class='ocrx_word' id='word_1_288' title='bbox 753 3441 849 3507; x_wconf 87' lang='lat' dir='ltr'><strong>nobis</strong></span> <span class='ocrx_word' id='word_1_289' title='bbox 868 3441 997 3506; x_wconf 84' lang='lat' dir='ltr'><strong>occasio</strong></span> <span class='ocrx_word' id='word_1_290' title='bbox 1020 3441 1095 3507; x_wconf 85' lang='lat' dir='ltr'><strong>erit·</strong></span> <span class='ocrx_word' id='word_1_291' title='bbox 1139 3441 1217 3507; x_wconf 94' lang='lat' dir='ltr'><strong>Hoc</strong></span> <span class='ocrx_word' id='word_1_292' title='bbox 1238 3442 1346 3508; x_wconf 88' lang='lat' dir='ltr'><strong>unum</strong></span> <span class='ocrx_word' id='word_1_293' title='bbox 1371 3441 1425 3508; x_wconf 85' lang='lat' dir='ltr'><strong>hie</strong></span> <span class='ocrx_word' id='word_1_294' title='bbox 1447 3443 1618 3510; x_wconf 87' lang='lat' dir='ltr'><strong>monuisse</strong></span> <span class='ocrx_word' id='word_1_295' title='bbox 1639 3444 1803 3529; x_wconf 84' lang='lat' dir='ltr'><strong>sufficiet,</strong></span> <span class='ocrx_word' id='word_1_296' title='bbox 1823 3418 1931 3516; x_wconf 72' lang='lat' dir='ltr'><strong>dativi</strong></span> 
     </span>
     <span class='ocr_line' id='line_1_25' title="bbox 246 3545 1935 3650; baseline 0.001 -22"><span class='ocrx_word' id='word_1_297' title='bbox 246 3545 535 3648; x_wconf 87' lang='lat' dir='ltr'><strong>significationem</strong></span> <span class='ocrx_word' id='word_1_298' title='bbox 547 3559 584 3624; x_wconf 92' lang='lat' dir='ltr'><strong>in</strong></span> <span class='ocrx_word' id='word_1_299' title='bbox 606 3558 720 3644; x_wconf 84' lang='lat' dir='ltr'><strong>lingua</strong></span> <span class='ocrx_word' id='word_1_300' title='bbox 741 3557 845 3623; x_wconf 90' lang='lat' dir='ltr'><strong>latina</strong></span> <span class='ocrx_word' id='word_1_301' title='bbox 868 3557 910 3622; x_wconf 88' lang='lat' dir='ltr'><strong>ab</strong></span> <span class='ocrx_word' id='word_1_302' title='bbox 925 3555 1111 3623; x_wconf 88' lang='lat' dir='ltr'><strong>accusativo</strong></span> <span class='ocrx_word' id='word_1_303' title='bbox 1126 3578 1196 3621; x_wconf 88' lang='lat' dir='ltr'><strong>nou</strong></span> <span class='ocrx_word' id='word_1_304' title='bbox 1209 3557 1293 3622; x_wconf 87' lang='lat' dir='ltr'><strong>adeo</strong></span> <span class='ocrx_word' id='word_1_305' title='bbox 1308 3555 1464 3640; x_wconf 88' lang='lat' dir='ltr'><strong>differre,</strong></span> <span class='ocrx_word' id='word_1_306' title='bbox 1488 3577 1590 3644; x_wconf 90' lang='lat' dir='ltr'><strong>quam</strong></span> <span class='ocrx_word' id='word_1_307' title='bbox 1605 3560 1772 3650; x_wconf 89' lang='lat' dir='ltr'><strong>plerique,</strong></span> <span class='ocrx_word' id='word_1_308' title='bbox 1792 3561 1935 3646; x_wconf 84' lang='lat' dir='ltr'><strong>linguae</strong></span> 
     </span>
     <span class='ocr_line' id='line_1_26' title="bbox 245 3670 1932 3767; baseline -0.001 -23"><span class='ocrx_word' id='word_1_309' title='bbox 245 3699 382 3767; x_wconf 86' lang='lat' dir='ltr'><strong>graecae</strong></span> <span class='ocrx_word' id='word_1_310' title='bbox 405 3675 562 3765; x_wconf 87' lang='lat' dir='ltr'><strong>exemplo</strong></span> <span class='ocrx_word' id='word_1_311' title='bbox 584 3673 730 3763; x_wconf 89' lang='lat' dir='ltr'><strong>decepti,</strong></span> <span class='ocrx_word' id='word_1_312' title='bbox 754 3674 945 3762; x_wconf 67' lang='lat' dir='ltr'><strong>opinantur·</strong></span> <span class='ocrx_word' id='word_1_313' title='bbox 989 3672 1082 3737; x_wconf 84' lang='lat' dir='ltr'><strong>Nam</strong></span> <span class='ocrx_word' id='word_1_314' title='bbox 1103 3670 1208 3737; x_wconf 83' lang='lat' dir='ltr'><strong>dativi</strong></span> <span class='ocrx_word' id='word_1_315' title='bbox 1230 3672 1267 3755; x_wconf 86' lang='lat' dir='ltr'><strong>in</strong></span> <span class='ocrx_word' id='word_1_316' title='bbox 1287 3672 1404 3758; x_wconf 79' lang='lat' dir='ltr'><strong>lingua</strong></span> <span class='ocrx_word' id='word_1_317' title='bbox 1415 3672 1520 3738; x_wconf 86' lang='lat' dir='ltr'><strong>latina</strong></span> <span class='ocrx_word' id='word_1_318' title='bbox 1537 3697 1576 3741; x_wconf 89' lang='lat' dir='ltr'><strong>ea</strong></span> <span class='ocrx_word' id='word_1_319' title='bbox 1588 3674 1638 3742; x_wconf 90' lang='lat' dir='ltr'><strong>vis</strong></span> <span class='ocrx_word' id='word_1_320' title='bbox 1653 3687 1702 3741; x_wconf 89' lang='lat' dir='ltr'><strong>est</strong></span> <span class='ocrx_word' id='word_1_321' title='bbox 1720 3697 1760 3748; x_wconf 87' lang='lat' dir='ltr'><strong>ac</strong></span> <span class='ocrx_word' id='word_1_322' title='bbox 1772 3688 1932 3765; x_wconf 84' lang='lat' dir='ltr'><strong>potestas,</strong></span> 
     </span>
     <span class='ocr_line' id='line_1_27' title="bbox 246 3785 1930 3882; baseline -0.001 -20"><span class='ocrx_word' id='word_1_323' title='bbox 246 3808 286 3862; x_wconf 90' lang='lat' dir='ltr'><strong>ut</strong></span> <span class='ocrx_word' id='word_1_324' title='bbox 311 3792 438 3882; x_wconf 84' lang='lat' dir='ltr'><strong>aliquid</strong></span> <span class='ocrx_word' id='word_1_325' title='bbox 459 3791 503 3858; x_wconf 86' lang='lat' dir='ltr'><strong>ad</strong></span> <span class='ocrx_word' id='word_1_326' title='bbox 532 3811 604 3856; x_wconf 88' lang='lat' dir='ltr'><strong>rem</strong></span> <span class='ocrx_word' id='word_1_327' title='bbox 621 3789 769 3876; x_wconf 87' lang='lat' dir='ltr'><strong>aliquam</strong></span> <span class='ocrx_word' id='word_1_328' title='bbox 792 3789 958 3876; x_wconf 83' lang='lat' dir='ltr'><strong>respicere</strong></span> <span class='ocrx_word' id='word_1_329' title='bbox 981 3800 1016 3854; x_wconf 92' lang='lat' dir='ltr'><strong>et</strong></span> <span class='ocrx_word' id='word_1_330' title='bbox 1034 3786 1075 3853; x_wconf 89' lang='lat' dir='ltr'><strong>ad</strong></span> <span class='ocrx_word' id='word_1_331' title='bbox 1089 3789 1173 3855; x_wconf 84' lang='lat' dir='ltr'><strong>&#39;eam</strong></span> <span class='ocrx_word' id='word_1_332' title='bbox 1193 3785 1277 3853; x_wconf 85' lang='lat' dir='ltr'><strong>ferri</strong></span> <span class='ocrx_word' id='word_1_333' title='bbox 1294 3785 1519 3875; x_wconf 80' lang='lat' dir='ltr'><strong>significetur,</strong></span> <span class='ocrx_word' id='word_1_334' title='bbox 1547 3791 1640 3859; x_wconf 89' lang='lat' dir='ltr'><strong>nulla</strong></span> <span class='ocrx_word' id='word_1_335' title='bbox 1660 3802 1773 3859; x_wconf 83' lang='lat' dir='ltr'><strong>tamen</strong></span> <span class='ocrx_word' id='word_1_336' title='bbox 1795 3792 1930 3860; x_wconf 82' lang='lat' dir='ltr'><strong>ratione</strong></span> 
     </span>
    </p>

    <p class='ocr_par' dir='ltr' id='par_1_7' title="bbox 211 3901 1933 4327">
     <span class='ocr_line' id='line_1_28' title="bbox 211 3901 1932 3996; baseline 0 -19"><span class='ocrx_word' id='word_1_337' title='bbox 211 3974 215 3985; x_wconf 87' lang='grc'><strong><em>,</em></strong></span> <span class='ocrx_word' id='word_1_338' title='bbox 246 3908 373 3994; x_wconf 85' lang='lat' dir='ltr'><strong>habita,</strong></span> <span class='ocrx_word' id='word_1_339' title='bbox 396 3921 510 3975; x_wconf 87' lang='lat' dir='ltr'><strong>utrum</strong></span> <span class='ocrx_word' id='word_1_340' title='bbox 533 3929 572 3973; x_wconf 85' lang='lat' dir='ltr'><strong>ea</strong></span> <span class='ocrx_word' id='word_1_341' title='bbox 594 3928 648 3972; x_wconf 88' lang='lat' dir='ltr'><strong>res</strong></span> <span class='ocrx_word' id='word_1_342' title='bbox 668 3905 731 3971; x_wconf 85' lang='lat' dir='ltr'><strong>hac</strong></span> <span class='ocrx_word' id='word_1_343' title='bbox 755 3904 885 3971; x_wconf 88' lang='lat' dir='ltr'><strong>actione</strong></span> <span class='ocrx_word' id='word_1_344' title='bbox 902 3903 977 3969; x_wconf 84' lang='lat' dir='ltr'><strong>sive</strong></span> <span class='ocrx_word' id='word_1_345' title='bbox 992 3913 1143 3991; x_wconf 84' lang='lat' dir='ltr'><strong>respectu</strong></span> <span class='ocrx_word' id='word_1_346' title='bbox 1159 3901 1344 3987; x_wconf 80' lang='lat' dir='ltr'><strong>alliciatur,</strong></span> <span class='ocrx_word' id='word_1_347' title='bbox 1365 3924 1429 3970; x_wconf 89' lang='lat' dir='ltr'><strong>nec</strong></span> <span class='ocrx_word' id='word_1_348' title='bbox 1447 3926 1508 3985; x_wconf 89' lang='lat' dir='ltr'><strong>ne,</strong></span> <span class='ocrx_word' id='word_1_349' title='bbox 1529 3903 1564 3971; x_wconf 89' lang='lat' dir='ltr'><strong>id</strong></span> <span class='ocrx_word' id='word_1_350' title='bbox 1585 3906 1675 3993; x_wconf 85' lang='lat' dir='ltr'><strong>quod</strong></span> <span class='ocrx_word' id='word_1_351' title='bbox 1694 3913 1762 3975; x_wconf 86' lang='lat' dir='ltr'><strong>ere</strong></span> <span class='ocrx_word' id='word_1_352' title='bbox 1774 3905 1894 3996; x_wconf 85' lang='lat' dir='ltr'><strong>ipsaet</strong></span> <span class='ocrx_word' id='word_1_353' title='bbox 1910 3932 1932 3977; x_wconf 88' lang='lat' dir='ltr'><strong>e</strong></span> 
     </span>
     <span class='ocr_line' id='line_1_29' title="bbox 243 4018 1933 4106; baseline -0.002 -11"><span class='ocrx_word' id='word_1_354' title='bbox 243 4028 485 4095; x_wconf 83' lang='lat' dir='ltr'><strong>sententiarum</strong></span> <span class='ocrx_word' id='word_1_355' title='bbox 509 4021 720 4090; x_wconf 88' lang='lat' dir='ltr'><strong>cohaerentia</strong></span> <span class='ocrx_word' id='word_1_356' title='bbox 739 4032 790 4088; x_wconf 86' lang='lat' dir='ltr'><strong>est</strong></span> <span class='ocrx_word' id='word_1_357' title='bbox 809 4018 1088 4106; x_wconf 67' lang='lat' dir='ltr'><strong>intelligendum</strong></span> <span class='ocrx_word' id='word_1_358' title='bbox 1116 4018 1325 4086; x_wconf 88' lang='lat' dir='ltr'><strong>accusativus</strong></span> <span class='ocrx_word' id='word_1_359' title='bbox 1344 4031 1459 4086; x_wconf 85' lang='lat' dir='ltr'><strong>autem</strong></span> <span class='ocrx_word' id='word_1_360' title='bbox 1479 4042 1574 4088; x_wconf 82' lang='lat' dir='ltr'><strong>casus</strong></span> <span class='ocrx_word' id='word_1_361' title='bbox 1595 4023 1644 4089; x_wconf 85' lang='lat' dir='ltr'><strong>ita</strong></span> <span class='ocrx_word' id='word_1_362' title='bbox 1661 4021 1791 4103; x_wconf 80' lang='lat' dir='ltr'><strong>differt,</strong></span> <span class='ocrx_word' id='word_1_363' title='bbox 1811 4034 1851 4088; x_wconf 89' lang='lat' dir='ltr'><strong>ut</strong></span> <span class='ocrx_word' id='word_1_364' title='bbox 1870 4021 1933 4092; x_wconf 84' lang='lat' dir='ltr'><strong>hic</strong></span> 
     </span>
     <span class='ocr_line' id='line_1_30' title="bbox 244 4132 1933 4229; baseline 0.002 -22"><span class='ocrx_word' id='word_1_365' title='bbox 244 4139 370 4227; x_wconf 84' lang='lat' dir='ltr'><strong>aliquid</strong></span> <span class='ocrx_word' id='word_1_366' title='bbox 394 4139 531 4208; x_wconf 86' lang='lat' dir='ltr'><strong>adrem</strong></span> <span class='ocrx_word' id='word_1_367' title='bbox 551 4141 699 4229; x_wconf 86' lang='lat' dir='ltr'><strong>aliquam</strong></span> <span class='ocrx_word' id='word_1_368' title='bbox 724 4137 772 4205; x_wconf 85' lang='lat' dir='ltr'><strong>ita</strong></span> <span class='ocrx_word' id='word_1_369' title='bbox 794 4135 969 4205; x_wconf 86' lang='lat' dir='ltr'><strong>admoveri</strong></span> <span class='ocrx_word' id='word_1_370' title='bbox 991 4133 1163 4219; x_wconf 85' lang='lat' dir='ltr'><strong>ostendat,</strong></span> <span class='ocrx_word' id='word_1_371' title='bbox 1196 4144 1235 4201; x_wconf 90' lang='lat' dir='ltr'><strong>ut</strong></span> <span class='ocrx_word' id='word_1_372' title='bbox 1254 4157 1327 4202; x_wconf 83' lang='lat' dir='ltr'><strong>eam</strong></span> <span class='ocrx_word' id='word_1_373' title='bbox 1348 4132 1474 4203; x_wconf 80' lang='lat' dir='ltr'><strong>afficiat</strong></span> <span class='ocrx_word' id='word_1_374' title='bbox 1488 4146 1527 4204; x_wconf 87' lang='lat' dir='ltr'><strong>et</strong></span> <span class='ocrx_word' id='word_1_375' title='bbox 1549 4136 1642 4224; x_wconf 89' lang='lat' dir='ltr'><strong>quasi</strong></span> <span class='ocrx_word' id='word_1_376' title='bbox 1661 4158 1736 4206; x_wconf 83' lang='lat' dir='ltr'><strong>earn</strong></span> <span class='ocrx_word' id='word_1_377' title='bbox 1756 4136 1846 4204; x_wconf 83' lang='lat' dir='ltr'><strong>iutro</strong></span> <span class='ocrx_word' id='word_1_378' title='bbox 1870 4155 1933 4210; x_wconf 85' lang='lat' dir='ltr'><strong>eat</strong></span> 
     </span>
     <span class='ocr_line' id='line_1_31' title="bbox 242 4258 465 4327; baseline -0.045 -1"><span class='ocrx_word' id='word_1_379' title='bbox 242 4270 278 4327; x_wconf 90' lang='lat' dir='ltr'><strong>et</strong></span> <span class='ocrx_word' id='word_1_380' title='bbox 299 4258 465 4325; x_wconf 87' lang='lat' dir='ltr'><strong>immutet.</strong></span> 
     </span>
    </p>
   </div>
   <div class='ocr_carea' id='block_1_4' title="bbox 347 4338 1934 4472">
    <p class='ocr_par' dir='ltr' id='par_1_8' title="bbox 347 4338 1934 4472">
     <span class='ocr_line' id='line_1_32' title="bbox 347 4338 1934 4472; baseline 0 -16"><span class='ocrx_word' id='word_1_381' title='bbox 347 4395 382 4470; x_wconf 76' lang='lat'><strong>2)</strong></span> <span class='ocrx_word' id='word_1_382' title='bbox 407 4385 518 4472; x_wconf 83' lang='lat' dir='ltr'><strong>Atque</strong></span> <span class='ocrx_word' id='word_1_383' title='bbox 538 4394 574 4448; x_wconf 94' lang='lat' dir='ltr'><strong>ut</strong></span> <span class='ocrx_word' id='word_1_384' title='bbox 597 4407 651 4450; x_wconf 84' lang='lat' dir='ltr'><strong>ees</strong></span> <span class='ocrx_word' id='word_1_385' title='bbox 671 4382 912 4472; x_wconf 85' lang='lat' dir='ltr'><strong>pronominum</strong></span> <span class='ocrx_word' id='word_1_386' title='bbox 936 4380 1081 4463; x_wconf 83' lang='lat' dir='ltr'><strong>formas,</strong></span> <span class='ocrx_word' id='word_1_387' title='bbox 1099 4397 1184 4469; x_wconf 83' lang='lat' dir='ltr'><strong>quae</strong></span> <span class='ocrx_word' id='word_1_388' title='bbox 1198 4382 1404 4451; x_wconf 79' lang='lat' dir='ltr'><strong>scammuni</strong></span> <span class='ocrx_word' id='word_1_389' title='bbox 1417 4340 1640 4452; x_wconf 85' lang='lat' dir='ltr'><strong>declinatione</strong></span> <span class='ocrx_word' id='word_1_390' title='bbox 1654 4382 1835 4470; x_wconf 89' lang='lat' dir='ltr'><strong>recedunt,</strong></span> <span class='ocrx_word' id='word_1_391' title='bbox 1855 4338 1934 4456; x_wconf 32' lang='lat' dir='ltr'><strong>sin-&#39;-</strong></span> 
     </span>
    </p>
   </div>
   <div class='ocr_carea' id='block_1_5' title="bbox 193 4493 1929 4687">
    <p class='ocr_par' dir='ltr' id='par_1_9' title="bbox 193 4493 1929 4687">
     <span class='ocr_line' id='line_1_33' title="bbox 193 4493 1928 4597; baseline -0.003 -20"><span class='ocrx_word' id='word_1_392' title='bbox 193 4527 204 4537; x_wconf 90' lang='lat'>·</span> <span class='ocrx_word' id='word_1_393' title='bbox 243 4509 336 4597; x_wconf 82' lang='lat' dir='ltr'><strong>gulas</strong></span> <span class='ocrx_word' id='word_1_394' title='bbox 353 4502 639 4593; x_wconf 80' lang='lat' dir='ltr'><strong>contemplemur,</strong></span> <span class='ocrx_word' id='word_1_395' title='bbox 659 4497 766 4578; x_wconf 72' lang='lat' dir='ltr'><strong>milii,</strong></span> <span class='ocrx_word' id='word_1_396' title='bbox 788 4495 871 4579; x_wconf 84' lang='lat' dir='ltr'><strong>tibi,</strong></span> <span class='ocrx_word' id='word_1_397' title='bbox 894 4493 961 4565; x_wconf 83' lang='lat' dir='ltr'><strong>eidi</strong></span> <span class='ocrx_word' id='word_1_398' title='bbox 983 4520 1083 4566; x_wconf 82' lang='lat' dir='ltr'><strong>voces</strong></span> <span class='ocrx_word' id='word_1_399' title='bbox 1104 4499 1171 4567; x_wconf 84' lang='lat' dir='ltr'><strong>iarn</strong></span> <span class='ocrx_word' id='word_1_400' title='bbox 1189 4501 1215 4582; x_wconf 85' lang='lat'><strong>§.</strong></span> <span class='ocrx_word' id='word_1_401' title='bbox 1229 4503 1279 4569; x_wconf 85' lang='grc'><strong>18.</strong></span> <span class='ocrx_word' id='word_1_402' title='bbox 1298 4520 1328 4569; x_wconf 83' lang='lat' dir='ltr'><strong>c·</strong></span> <span class='ocrx_word' id='word_1_403' title='bbox 1351 4499 1644 4591; x_wconf 80' lang='lat' dir='ltr'><strong>explicataesuut3</strong></span> <span class='ocrx_word' id='word_1_404' title='bbox 1668 4515 1798 4572; x_wconf 88' lang='lat' dir='ltr'><strong>ceterae</strong></span> <span class='ocrx_word' id='word_1_405' title='bbox 1812 4513 1928 4571; x_wconf 84' lang='lat' dir='ltr'><strong>autam</strong></span> 
     </span>
     <span class='ocr_line' id='line_1_34' title="bbox 1839 4616 1929 4687; baseline 0.033 -3"><span class='ocrx_word' id='word_1_406' title='bbox 1839 4616 1929 4687; x_wconf 90' lang='lat' dir='ltr'><strong>nihil</strong></span> 
     </span>
    </p>
   </div>
   <div class='ocr_carea' id='block_1_6' title="bbox 0 0 2164 5414">
    <p class='ocr_par' dir='ltr' id='par_1_10' title="bbox 0 0 2164 5414">
     <span class='ocr_line' id='line_1_35' title="bbox 0 0 2164 5414; baseline 0 0"><span class='ocrx_word' id='word_1_407' title='bbox 0 0 2164 5414; x_wconf 95' lang='lat' dir='ltr'><strong> </strong></span> 
     </span>
    </p>
   </div>
  </div>
 </body>
</html>
