4320 5414
261 475 264 479 ‚
511 478 514 483 q
1729 362 1825 446 ar

93 561 1824 671 ⁵(mauracense),acaemetarum,senatorumque.)anpu—
1921 566 1922 571 ‘
2005 532 2008 538 ’
2093 628 2101 639 .

135 701 231 758 cetae
250 698 346 774 aunt,
366 694 550 777 propterea
563 682 615 749 bis
628 680 697 748 sint
709 679 849 770 positae,
871 681 961 767 quod
975 682 1123 750 litteram
1140 682 1295 768 eiectam,
1317 696 1376 750 aut
1393 686 1581 754 mutilatam
1597 705 1707 771 neque
1720 682 1824 773 plone
1929 763 1936 774 Ι

71 895 74 898 Α
138 806 280 890 elatam,
302 803 368 872 alia
379 799 527 891 repetita
541 797 665 867 Graeci
680 819 900 888 compensare
914 798 1103 880 studebant,
1128 799 1178 866 uti
1191 799 1228 867 in
1239 801 1339 880 ἵππος
1353 800 1480 870 factum
1495 823 1566 871 esse
1578 798 1737 871 vidimus.

238 950 271 1038 c)
292 946 440 1034 Eaedem
461 946 605 1036 deniqne
624 946 723 1044 huius
737 944 948 1036 pronominis
960 945 1164 1015 mutationes
1177 939 1285 1014 factae
1298 959 1378 1014 sunt
1390 948 1427 1015 in
1440 948 1544 1016 latina
1557 951 1684 1038 lingna.
1726 945 1847 1015 Nam·

45 1119 48 1123 -
131 1066 223 1161 apud
237 1065 380 1132 Latinos
395 1085 529 1152 quoquc
542 1064 650 1154 prisca
666 1065 723 1134 illa
736 1065 848 1133 littera
863 1063 929 1131 int
944 1065 1095 1131 litteram
1108 1064 1256 1150 transiit,
1281 1085 1367 1151 quae
1380 1066 1519 1135 evanuit
1531 1065 1669 1154 quidem
1685 1065 1722 1130 in
1735 1086 1822 1154 pro-

130 1182 272 1253 nomine
292 1180 445 1270 simplice
465 1182 749 1269 demonstrativo,
770 1182 830 1249 sed
852 1181 891 1249 in
908 1180 1067 1249 derivatis
1086 1182 1345 1271 pronominibus
1364 1195 1398 1251 et
1411 1182 1760 1271 adverbiiesuperest,
1783 1179 1822 1245 in

131 1311 268 1383 tantus,
290 1297 391 1383 talis,
411 1280 520 1386 totus,
542 1300 612 1386 tot,
636 1309 727 1386 tam,
756 1311 847 1385 tum,
872 1309 1006 1387 tamen,
1026 1310 1127 1379 tunc,
1156 1298 1272 1367 eadem
1287 1301 1324 1368 in
1339 1323 1357 1366 a
1373 1301 1522 1385 transiit,
1545 1300 1583 1367 in
1597 1299 1670 1383 sin,
1689 1297 1740 1379 si,
1758 1297 1823 1380 sic,
1937 1282 1942 1287 ²

23 1430 26 1436 ’
131 1415 189 1504 (cf.
211 1412 329 1502 stt.)
351 1428 385 1483 et
407 1415 445 1483 in
467 1414 492 1480 It
514 1415 648 1500 intio,
674 1416 776 1508 luteo,
808 1416 880 1484 boc.
926 1417 982 1502 Qu
1008 1427 1123 1485 autem
1150 1416 1279 1499 littera,
1307 1439 1496 1506 quaecum
1518 1416 1682 1484 Indorum
1704 1410 1749 1478 ku
1772 1420 1823 1477 est

10 1579 12 1585 -
131 1531 379 1625 comparanda,
415 1511 460 1599 in*
481 1532 638 1602 omnibus
664 1535 924 1625 pronominibus
948 1530 1133 1600 indefinitis
1157 1546 1190 1602 et
1215 1534 1466 1622 interrogativis
1485 1545 1597 1601 extet:
1625 1531 1705 1623 qui,
1734 1527 1820 1618 quie,

128 1672 234 1740 quoe,
264 1645 371 1739 quod,
400 1659 565 1736 pmntua,
597 1641 738 1738 qualis,
758 1663 898 1739 quotus,
926 1671 1048 1738 quom,
1079 1670 1174 1732 cum,
1207 1672 1292 1738 quo,
1315 1673 1385 1716 cur.
1419 1652 1545 1741 ¹Unum
1568 1661 1697 1716 tantum
1715 1644 1818 1712 vestis

127 1767 242 1855 glum,
272 1760 293 1827 k
314 1762 416 1829 etiam
440 1762 695 1830 demonstrandi
715 1764 787 1832 vim
806 1766 1004 1849 retinuisse,
1026 1765 1063 1831 in
1083 1786 1120 1829 ce
1135 1765 1277 1854 syllaba,
1299 1765 1343 1832 cf.
1363 1769 1392 1850 §.
1413 1773 1461 1833 12.
1484 1768 1549 1833 Nr.
1568 1772 1594 1832 1.
1640 1763 1708 1828 Sed
1728 1758 1819 1849 apud
1902 1811 1907 1820 .

39 1934 41 1938 Α
126 1883 232 1949 Italos
251 1900 386 1968 quoqne
409 1878 558 1947 clittera
579 1881 683 1950 eiecta
696 1894 767 1949 etas
781 1883 871 1970 inp,
894 1905 1078 1949 consonam
1092 1893 1285 1967 cognatam,
1308 1879 1436 1951 mutata
1453 1899 1512 1951 est.
1556 1883 1715 1968 Namque
1734 1873 1816 1942 Osci
1847 1909 1856 1919 ·

125 2021 189 2089 pro
214 1993 385 2085 quidquid
406 1995 568 2063 dixerunt
588 1996 722 2086 pitpid,
753 1998 847 2065 cuius
870 2000 922 2066 rei
944 2011 1060 2066 auctor
1083 1997 1270 2068 estFestus
1288 1997 1325 2064 in
1344 1999 1521 2089 Excerptis
1543 1998 1641 2066 Pauli
1661 1991 1818 2076 Diaconi,

17 2168 41 2196 .,
123 2137 161 2206 p.
177 2117 248 2181 117.
271 2111 415 2202 exempl
436 2109 592 2180 Lindem.
609 2193 611 2197 v
634 2113 753 2201 Atque
775 2115 846 2182 eius
861 2113 993 2182 formae
1008 2124 1058 2180 est
1073 2113 1173 2180 etiam
1186 2113 1365 2203 vestigium
1379 2115 1514 2202 aliquod
1531 2116 1568 2182 in
1582 2116 1818 2182 Romanorum

124 2231 242 2320 lingua
256 2229 295 2306 in
302 2228 407 2318 piam
417 2228 603 2317 particula,
624 2253 689 2320 pro
713 2253 819 2321 quam
838 2238 1135 2321 saepe'usurpata‚
1157 2229 1198 2299 de
1212 2251 1279 2316 qua
1294 2231 1394 2320 plura
1408 2232 1487 2301 vide
1507 2235 1538 2315 §.
1552 2238 1607 2299 22.

140 2358 143 2365 ’
229 2375 458 2465 &Linguam
476 2375 705 2466 germanicam
723 2391 757 2446 et
778 2378 938 2447 clavicam
957 2401 1034 2444 cum
1055 2377 1126 2461 his,
1151 2398 1237 2463 quae
1252 2380 1490 2467 exposuimus,
1513 2378 1718 2445 examussim
1733 2393 1819 2439 oon·
1884 2403 1889 2414 ¹
1927 2365 1933 2371 ’

122 2517 263 2584 gruere,
294 2491 440 2558 ostendit
455 2492 645 2558 Grimmius
663 2493 701 2559 in
724 2493 912 2558 Grammat.
931 2512 1082 2578 german.
1098 2503 1179 2558 tom.
1193 2483 1259 2557 ΙΙΙ.
1277 2514 1312 2579 p.
1329 2497 1361 2558 2.
1378 2505 1412 2558 et
1426 2499 1455 2559 8.
1500 2490 1687 2558 Grimmius
1701 2476 1824 2556 autem
1853 2572 1858 2576 ¹

119 2609 160 2701 in
183 2631 222 2674 ea
238 2617 286 2674 est
305 2602 467 2694 opinione
483 2628 517 2693 p.
536 2609 563 2671 1.
570 2626 582 2687 3
603 2617 643 2672 ut
664 2606 793 2690 credat,
816 2605 918 2692 aliam
938 2606 1151 2694 pronominis
1166 2605 1441 2694 demonstrativi,
1462 2609 1562 2675 aliam
1579 2583 1816 2693 interrogativi

114 2713 231 2798 'fuisse
253 2722 432 2805 radicem,
443 2722 531 2789 hanc
553 2721 705 2789 a'littera
725 2722 887 2810 gutturali
901 2718 939 2807 k,
961 2723 1055 2789 illam
1070 2746 1090 2790 a
1104 2723 1216 2791 littera
1230 2723 1355 2790 dentali
1372 2737 1387 2791 t
1400 2725 1558 2816 incipere.
1602 2723 1648 2790 At
1662 2723 1816 2814 primum

17 2880 19 2885 >
88 2897 92 2904 ·
123 2820 189 2915 boc
212 2853 331 2911 contra
350 2837 437 2906 hanc
454 2834 613 2906 Grimmii
632 2838 832 2906 sententiam
857 2840 993 2907 moneri
1011 2852 1137 2930 potest,
1159 2840 1250 2928 quod
1274 2864 1312 2907 ca
1326 2855 1482 2909 veterum
1503 2844 1692 2932 linguarum
1716 2839 1815 2907 testi-

122 2962 241 3032 monio
263 2980 333 3026 non
362 2954 600 3039 confirmatur,
628 2955 664 3020 id
693 2954 783 3042 quod
800 2954 904 3034 ,illum
924 2955 1044 3046 ipsum
1061 2957 1167 3024 latere
1189 2980 1260 3026 non
1282 2958 1403 3046 potuit.
1445 2962 1537 3027 Nem
1555 2967 1628 3045 τίς,
1656 2955 1755 3046 quod
1772 2952 1824 3020 de'
1861 3005 1865 3010 .

125 3074 288 3149 Grimurii
307 3072 473 3140 sententia
494 3083 625 3140 tantum
647 3070 902 3138 demonstrandi
925 3074 997 3139 vim
1018 3073 1141 3142 habere
1157 3085 1288 3164 potest,
1309 3075 1589 3162 interrogativum
1611 3087 1660 3142 est
1680 3094 1813 3164 prouo-

123 3220 215 3265 men·
258 3187 394 3259 Deinde
409 3188 610 3275 Grimmius,
633 3185 802 3275 quomodo
812 3210 854 3277 p,
876 3187 1023 3257 litteram
1033 3189 1200 3272 labialem,
1221 3212 1306 3278 quae
1319 3214 1384 3281 pro
1402 3188 1422 3255 l·
1437 3168 1535 3282 saepe
1548 3191 1725 3281 reperitur,
1749 3186 1813 3255 ex-

122 3315 237 3408 plicet,
259 3331 330 3376 non
344 3305 454 3374 habet.
485 3304 642 3392 Denique
653 3304 858 3394 pronomina
873 3305 1117 3394 interrogativa
1129 3307 1244 3374 omnia
1255 3307 1395 3398 proprie
1413 3310 1509 3397 nihil,
1530 3309 1595 3376 nisi
1609 3304 1815 3399 pronomina
1905 3368 1908 3375 .

10 3456 16 3471 ‘
123 3426 303 3500 indefinita
321 3421 479 3507 suerunt,
500 3442 611 3509 neque
629 3420 668 3488 in
689 3420 803 3488 verbis
825 3423 949 3491 nativis
969 3435 1048 3491 sunt
1067 3424 1294 3506 numeranda,
1323 3427 1373 3493 uti
1394 3417 1486 3493 infra
1506 3425 1673 3515 copiosius
1693 3444 1813 3514 perse·

123 3567 278 3639 quemur.
321 3542 443 3627 Neque
463 3558 563 3621 veru,
590 3538 619 3604 si
642 3538 702 3628 qui
707 3585 718 3624 ,
748 3561 852 3629 quae,
881 3538 972 3630 quod
989 3540 1145 3631 primitus
1163 3542 1201 3608 in
1222 3540 1456 3629 interrogativi
1479 3540 1689 3631 pronominis
1710 3557 1813 3629 usum

89 3747 95 3751 ¹
119 3666 301 3733 inventum
322 3669 426 3744 esset,
448 3654 692 3742 uthrimmius
706 3655 907 3739 arbitratur,
928 3656 1069 3744 intelligi
1085 3671 1214 3747 posset,
1237 3658 1407 3743 quomodo
1429 3636 1539 3725 eidem
1554 3659 1659 3727 verbo
1674 3652 1811 3724 relativi

120 3775 403 3869 significationem
422 3772 538 3842 indere
558 3773 755 3865 potuissent.
798 3773 990 3842 Pronomen
1006 3776 1098 3842 enim
1113 3775 1292 3843 relativum
1305 3767 1382 3841 cum
1397 3774 1651 3868 demonstrativi
1669 3773 1808 3842 notione

14 3971 17 3974 Α
119 3868 304 3968 arctissime
324 3891 506 3979 cohaeret,
535 3911 704 3957 nonaum
725 3889 927 3986 pronomine
945 3891 1200 3978 interrogativo.
1244 3879 1561 3980 (otterestat.)
1607 3892 1722 3980 Quare
1743 3911 1836 3979 ego·

117 4015 203 4100 boc,
231 4007 321 4099 qnod
344 4005 530 4074 Grimmius
553 4005 738 4093 antiquitus
766 4004 909 4073 duarum
930 4006 1083 4074 radicum
1107 4005 1213 4074 credit
1237 4005 1340 4073 fuine
1359 4007 1556 4096 discrimen,
1586 4010 1720 4099 abipso
1742 4018 1807 4076 ex-'
1901 4088 1914 4109 x

119 4133 322 4225 cogitatum,
359 4145 482 4190 revera
511 4121 644 4191 nullum
671 4120 773 4190 tuisse
796 4121 964 4190 existimo.
1013 4123 1092 4191 Hoc
1123 4136 1234 4190 autem
1263 4121 1495 4211 concedimus,
1531 4102 1636 4214 quum
1664 4148 1709 4194 ex
1736 4147 1806 4192 une
1921 4112 1927 4118 ’

101 4247 233 4318 radice
261 4245 378 4333 plures
402 4238 533 4307 litterae
561 4252 657 4306 ortae
686 4251 814 4322 essent,
844 4261 897 4306 ees
924 4240 962 4308 in
994 4239 1131 4328 singulis
1155 4237 1279 4333 linguis
1308 4240 1508 4329 plerumque
1529 4243 1642 4310 varios
1667 4243 1704 4310 in
1724 4263 1804 4309 usus
1943 4240 1950 4249 “

42 4408 46 4412 -
73 4446 76 4455 Ι
118 4383 200 4433 curn
224 4357 410 4428 constantia
435 4357 580 4448 quadam
598 4367 634 4424 et
662 4354 896 4448 aequabilitate
922 4379 992 4426 esse
1018 4379 1213 4443 conversas,
1246 4355 1343 4433 cuius
1369 4357 1420 4426 rei
1443 4380 1547 4450 supra
1568 4360 1725 4450 exempla
1747 4359 1802 4441 ate
1836 4368 1839 4374 ’

115 4477 271 4552 tulimus.
