4320 5414
1851 399 1921 485 ‚81¹

228 597 400 668 testantur.
441 591 510 683 (cf.
530 588 712 659 Fereellini
730 612 758 657 s.
779 609 813 657 v.
835 584 951 676 illins)
995 586 1039 654 In
1056 542 1152 670 inde,
1172 585 1262 655 unde
1274 585 1412 676 aliisque
1426 589 1538 657 verbis
1552 612 1655 680 snpra
1667 594 1813 666 vidimus
1826 603 1919 671 loca·

228 713 292 782 tivi
317 709 595 799 significationem
618 706 797 774 evanuisse
817 706 955 796 eiusque
977 704 1016 772 in
1034 703 1148 772 locum
1171 704 1310 775 ablativi
1329 705 1504 774 notionem
1523 711 1726 779 successisse.
1768 716 1865 784 Idem
1879 692 1917 787 in

230 829 386 897 omnibus
406 826 473 895 illis
487 821 660 892 vocabulis
674 819 803 891 factum
817 835 878 891 est.
985 917 988 920 Α

325 978 367 1066 g)
390 970 547 1042 Locativi
567 992 669 1060 porro
693 969 838 1039 formam
862 981 1036 1081 servatam
1054 968 1211 1037 videmus
1232 969 1270 1035 in
1292 966 1450 1050 utrinsie,
1467 970 1645 1061 utrinque,
1662 943 1915 1064 ¹rstrinqsseascrse

236 1103 272 1157 et
287 1091 492 1166 utrinsecus,
524 1086 736 1154 altrinsecus.
779 1091 891 1175 Atque
913 1111 988 1154 cum
1012 1098 1087 1151 uter
1106 1099 1142 1152 et
1159 1085 1248 1152 ulter
1269 1085 1357 1174 apud
1374 1086 1513 1153 Latinos
1533 1089 1623 1156 inter
1635 1094 1838 1179 pronomina
1857 1114 1915 1163 re·

227 1205 399 1287 ferantur,
422 1227 539 1270 eorum
559 1204 655 1268 etiam
679 1203 861 1268 locativum
882 1202 1022 1268 eandem
1046 1213 1145 1288 atque
1165 1213 1273 1269 cetera
1294 1203 1495 1297 pronomina
1514 1203 1639 1271 habere
1660 1202 1825 1289 formam,
1845 1234 1915 1279 non
2030 1256 2035 1261 -

227 1334 282 1388 est·
300 1319 390 1409 quod
416 1318 593 1392 miremur.

332 1466 370 1554 h)
399 1465 554 1551 Denique
581 1464 783 1530 intrinsecus
807 1476 840 1530 et
864 1466 1070 1531 extrinsecus
1090 1473 1168 1528 sunt
1192 1464 1499 1534 commemoranda.
1542 1465 1640 1533 Haec
1661 1468 1765 1536 verba
1784 1493 1805 1538 e
1821 1494 1914 1542 secus
1984 1473 1988 1480 '

226 1597 328 1669 atque
345 1581 460 1650 extrirs
480 1592 513 1647 et
532 1581 641 1649 intrirs
663 1580 849 1670 composita
859 1594 960 1666 sunt,
983 1602 1069 1665 quae
1082 1600 1188 1665 quum
1205 1577 1247 1644 ad
1261 1577 1587 1659 adiectiva'esrtsnss,
1608 1604 1652 1662 a,
1675 1605 1754 1666 um,
1775 1599 1810 1656 et
1823 1588 1915 1656 inte.
2014 1613 2018 1621 ·

228 1723 306 1778 rue,
328 1722 371 1778 a,
394 1720 475 1777 um,
497 1695 586 1783 quod
608 1697 721 1785 ipsum
739 1695 928 1778 intercidit,
950 1697 1045 1764 cuius
1064 1717 1146 1762 vero
1171 1692 1420 1761 deminutivum
1435 1695 1601 1763 interulae
1611 1711 1781 1788 superest,
1806 1707 1913 1790 perti..

148 1868 151 1873 .
226 1813 375 1900 tineent,
406 1835 472 1900 qua
493 1812 626 1880 ratione
651 1813 862 1900 pronominis
882 1811 1067 1878 locativum
1087 1809 1211 1877 habere
1230 1811 1377 1897 possint,
1400 1810 1473 1877 iure
1487 1812 1668 1899 quaeritur.
1711 1815 1825 1902 Quam
1838 1840 1914 1891 rem
2027 1853 2030 1859 ·

227 1950 421 2018 quanquam
438 1938 545 1995 totam
564 1939 736 2015 exponere
752 1940 786 1994 et
800 1928 957 1996 omnibus
971 1925 1122 1993 numeris
1137 1925 1311 1997 absolvere
1324 1927 1366 1992 ab
1381 1926 1533 1993 hocloco
1548 1928 1699 1996 alienum
1714 1943 1775 2019 est,
1797 1944 1913 2006 tamen

229 2045 314 2113 haec
331 2065 607 2110 commoneamus
623 2064 756 2110 necesse
771 2055 828 2110 est.
872 2043 913 2121 In
926 2041 1041 2108 multis
1054 2029 1176 2127 linguis
1190 2062 1209 2106 e
1223 2043 1528 2130 praepositionibus
1537 2042 1713 2129 adieetiva,
1734 2064 1914 2134 quaesunt

227 2159 352 2248 gradus
368 2156 590 2249 comparativi
609 2167 711 2245 atque
729 2157 923 2248 superlativi
937 2156 1062 2222 habent
1073 2156 1231 2240 formam,
1255 2155 1460 2225 derivantur.
1488 2159 1544 2225 Ex
1559 2159 1610 2225 his
1623 2162 1660 2226 iu
1675 2161 1791 2250 lingua
1802 2165 1915 2237 indica

226 2276 325 2364 plura
340 2275 515 2356 adiectiva,
535 2296 621 2361 quae
634 2274 675 2338 ad
687 2273 830 2361 gradum
846 2270 1115 2361 comparativum
1127 2272 1310 2360 pertinent,
1334 2275 1576 2359 pronominum
1586 2274 1845 2346 declinationem
1858 2305 1913 2348 se-

227 2402 388 2477 quuntur.
423 2389 537 2456 Huius
549 2390 679 2476 generis
696 2402 774 2456 sunt
787 2388 875 2475 apud
893 2388 994 2454 ludos
1007 2408 1148 2471 opums,
1170 2410 1206 2464 a,
1230 2411 1289 2452 am
1300 2387 1402 2465 alius,
1423 2411 1550 2472 overas
1564 2386 1721 2473 inferior,
1731 2396 1913 2484 posterior,

228 2514 361 2572 attente
379 2506 543 2590 superior,
567 2527 586 2566 e
598 2499 899 2591 praepositionibus
919 2495 1195 2584 inseparabilibus
1215 2514 1305 2581 upa,
1326 2517 1403 2575 ava,
1424 2509 1476 2577 ut,
1496 2510 1583 2582 orta,
1603 2501 1755 2584 itemque
1774 2503 1914 2576 atharus
2005 2537 2012 2543 ·

136 2651 139 2657 ¹
229 2618 397 2711 inferior,
419 2629 452 2684 et
469 2626 614 2681 anteros
631 2625 794 2699 exterior,
818 2608 1103 2701 quorumradices
1121 2608 1223 2675 etiam
1240 2609 1504 2698 praepositiones
1516 2613 1677 2681 videntur
1688 2638 1769 2685 esse.
1796 2620 1913 2710 Atque
2021 2627 2022 2631 ’

228 2738 265 2804 in
279 2737 395 2824 lingua
414 2733 518 2800 lutiam
536 2730 628 2798 idem
649 2729 777 2796 factum
796 2741 855 2795 est.
882 2728 973 2794 Nem
992 2723 1274 2815 epraepositione
1288 2744 1373 2811 quae
1387 2724 1585 2795 derivantur
1596 2728 1758 2799 adiectiva
1769 2755 1912 2827 compa·
2008 2783 2012 2792 -

174 2880 179 2884 ·
228 2853 338 2920 rativa
346 2901 359 2932 ,
387 2873 426 2916 ea
440 2849 476 2915 in
498 2870 576 2914 casu
593 2846 740 2913 locativo
752 2858 788 2912 et
798 2840 1047 2910 instrumentali
1062 2852 1094 2906 et
1110 2838 1225 2906 dativo
1245 2837 1301 2929 (ci.
1317 2841 1345 2921 §.
1364 2844 1415 2907 18.
1430 2855 1464 2909 et
1481 2845 1551 2928 25.)
1574 2866 1651 2911 cum
1666 2850 1910 2935 pronominum

229 2968 451 3036 declinatione
470 2962 702 3047 consentiunt,
739 2977 984 3044 nonnunquam
1005 2955 1106 3021 etiam
1128 2954 1178 3019 his
1197 2938 1328 3021 tantum
1350 2955 1387 3020 in
1410 2958 1539 3024 casibus
1559 2973 1748 3049 supersunt
1790 2940 1910 3052 licque

229 3085 331 3153 modo
360 3081 467 3149 irstrin
495 3085 529 3146 et
553 3077 667 3157 sutrin
694 3085 774 3144 sunt
795 3069 1003 3162 explicanda.
1046 3070 1100 3137 Ex
1121 3070 1158 3135 in
1178 3069 1429 3160 praepositione
1450 3072 1600 3154 interese,
1626 3075 1749 3173 gradus
1770 3101 1911 3171 compa-

229 3201 379 3281 rativus,
404 3207 452 3260 est
472 3193 597 3276 factus3
621 3191 712 3279 quod
733 3187 936 3258 vocabulum
958 3185 1137 3273 aliquando
1158 3186 1323 3269 extitisse,
1346 3207 1390 3251 ex
1413 3185 1520 3252 intrirs
1540 3188 1795 3277 casulocativo,
1817 3194 1911 3264 intra
2015 3181 2040 3243 s

229 3306 496 3394 instrumentali,
526 3309 615 3376 iutro
637 3309 753 3377 dativo
774 3302 993 3395 cognoscitur.
1036 3302 1165 3369 Extrirs
1185 3315 1298 3371 autem
1320 3301 1482 3370 locativus
1503 3313 1553 3368 eat
1573 3325 1667 3371 casus
1682 3309 1838 3378 vocabuli
1849 3334 1909 3379 ex.

229 3449 338 3518 terus,
369 3427 459 3517 quod
480 3424 683 3493 adiectivum
711 3447 752 3491 su
773 3420 1056 3515 praepositionem
1073 3417 1222 3486 radicem
1245 3421 1355 3487 habet.

333 3573 360 3664 i)
382 3575 494 3662 Atque
512 3573 591 3655 has,
618 3591 699 3657 quas
722 3568 789 3653 huc
806 3590 913 3655 usque
930 3565 1222 3647 enumeravimus,
1244 3588 1313 3632 esse
1327 3562 1461 3633 locetivi
1474 3564 1618 3650 formas,
1641 3587 1683 3632 eo
1698 3568 1909 3643 verisimilius

231 3711 298 3775 eat,
320 3691 410 3779 quod
431 3691 531 3757 etiam
547 3688 585 3755 in
604 3697 715 3752 cetera
735 3684 912 3751 nominum
928 3682 1148 3749 declinatione
1162 3682 1293 3768 singula
1308 3682 1445 3748 locativi
1461 3702 1555 3746 casus
1568 3681 1708 3769 vestigia
1720 3702 1906 3774 supersunt.

229 3817 319 3882 Num
338 3796 405 3897 qui
417 3805 482 3870 buc
503 3826 608 3893 usque
626 3802 781 3868 locutum
799 3799 871 3866 sive
891 3797 1026 3866 urbium
1047 3800 1252 3885 putabantur
1268 3808 1323 3862 aut
1338 3795 1478 3882 genitivi
1490 3809 1549 3862 aut
1563 3797 1700 3863 ablativi
1713 3822 1784 3866 esse
1798 3801 1905 3884 humi,
1983 3779 1988 3788 ¹

232 3925 401 4003 militiae,
428 3917 530 4000 belli,
555 3917 674 4000 domi,
705 3915 802 3993 ruri,
830 3915 983 3994 Remos,
1011 3913 1177 4003 Sagunti,
1213 3913 1373 3990 Tarenti,
1399 3909 1622 4000 Carthagini,
1644 3912 1907 4000 hredusnwni,

130 4039 134 4045 ’
231 4037 449 4119 crastinidis,
465 4033 653 4124 postridie,
675 4032 768 4112 beri,
790 4030 948 4116 temperi,
970 4029 1120 4114 bisunt,
1141 4029 1334 4118 utiprimus
1348 4026 1516 4094 Rosenius
1535 4028 1572 4092 in
1591 4031 1743 4118 corporis
1757 4032 1906 4102 radicum

233 4157 467 4228 sanseritarum
487 4152 701 4243 prolusione,
725 4146 836 4217 Berol.
855 4150 957 4228 1826,
978 4145 1141 4229 ostendit,
1164 4154 1293 4212 veteres
1307 4142 1446 4211 locativi
1460 4140 1603 4209 formae.
1750 4120 1752 4125 ¹
