4320 5414
226 373 374 451 32,

231 614 236 619 .
330 568 366 653 0)
384 565 449 634 Ex·
464 586 533 632 uns
551 558 668 639 ,sutem
684 577 832 627 consona
847 550 1085 621 diversasistas
1098 549 1228 619 litteras
1244 573 1314 617 essa
1337 545 1447 633 ortas,
1466 545 1575 638 magis
1585 548 1690 619 otiam
1704 552 1924 646 intelligatur,

131 717 153 740 -ι
227 684 343 756 τίεῑὶα
363 680 574 751 attulerimus
596 674 771 763 exempla,
799 670 978 758 inquibus
1002 667 1144 735 eandem
1166 667 1354 733 litterarum
1375 665 1596 740 mutationem
1609 669 1922 757 animadvertimus.

126 861 150 888 Ι,
227 801 342 888 Atque
362 818 471 866 unum
491 795 559 861 iam
578 792 773 879 exemplum
796 787 985 871 attulimus,
1019 806 1139 868 apros,
1164 784 1278 865 ἵππος,
1304 783 1406 866 ἴΐκθςκ
1434 804 1550 871 ‘W-
1573 784 1720 855 0⁰¹¹&
1746 785 1925 878 Plsslffl

226 918 380 991 indicum
417 909 589 992 trahatur,
627 906 718 995 quod
748 903 870 971 Graeci
898 925 960 992 per
993 903 1155 986 τέτταρες,
1187 900 1351 987 τέσσαρες,
1383 901 1506 988 τέτορες
1536 910 1571 967 0²
1603 906 1731 991 πίσυρες
1766 905 1925 976 efferunt·

229 1033 345 1113 Latini
369 1031 486 1098 dicunt
508 1035 672 1116 qimam,
694 995 784 1088 'Osci
803 1030 916 1085 sutem
936 1029 1091 1105 pectora,
1122 1017 1213 1104 quod
1238 1018 1357 1084 Festus
1377 1015 1439 1084 sub
1461 1038 1547 1083 voce
1564 1020 1756 1115 petoritum
1772 1020 1809 1111 in
1827 1022 1927 1109 Patrli

229 1150 326 1219 Diae,
351 1143 529 1233 Excerptis
554 1148 818 1217 commemorat,
848 1133 954 1200 Gothi
973 1129 1109 1220 fiduor.
1159 1134 1240 1201 Huc
1268 1131 1486 1233 referendum
1516 1133 1618 1200 etiam
1644 1135 1798 1213 indicum
1817 1149 1927 1224 pont-
2011 1182 2017 1197 ·

229 1266 355 1348 sciron,
368 1260 467 1349 ,quod
490 1280 569 1324 cum
590 1278 710 1345 graeco
729 1257 821 1321 πέντε
843 1252 900 1317 vel
920 1253 1024 1335 πέμπε
1043 1264 1077 1316 et
1097 1249 1203 1317 latino
1220 1250 1367 1340 quinque
1382 1262 1432 1317 ast
1448 1251 1723 1340 comparandum.
1768 1252 1927 1321 Indicum

231 1383 326 1452 teche
354 1401 419 1444 usu
450 1389 484 1442 et
506 1374 617 1440 lorma
638 1392 715 1437 cum
737 1389 857 1457 graeco
883 1368 920 1434 τέ
945 1366 1121 1453 congruit,
1149 1377 1184 1432 at
1202 1367 1303 1434 etiam
1329 1395 1370 1435 κα
1399 1366 1526 1434 dictum
1553 1368 1661 1437 estin
1681 1371 1765 1436 πόκα
1785 1384 1821 1437 et
1841 1373 1927 1439 ποκά

170 1470 174 1481 ¹
228 1487 294 1591 pro
319 1497 395 1562 πότε
424 1503 457 1558 et
483 1494 578 1569 ποτέ,
613 1499 646 1554 et
673 1484 731 1554 ὅκα
760 1495 794 1550 et
822 1484 900 1552 ὅκκα
926 1505 989 1572 pro
1011 1481 1079 1565 ὅτε,
1107 1481 1311 1572 (Hesychius
1339 1485 1441 1552 etiam
1468 1482 1545 1551 ὅκκα
1569 1495 1813 1553 commemorat
1840 1510 1867 1553 s.
1888 1511 1926 1556 v·
1959 1490 1986 1584 J

230 1615 310 1684 ὅκκα
329 1589 431 1690 τάξεις
473 1629 533 1671 cur
562 1604 640 1672 ὅκκα
668 1624 740 1668 non
769 1623 813 1667 ex
830 1601 946 1683 ὅκακα,
973 1598 1023 1664 uti
1043 1598 1117 1665 vult
1137 1599 1361 1668 Buttmanuus
1387 1599 1556 1685 (Gramm.
1582 1624 1674 1669 max.
1696 1623 1744 1690 gr.
1774 1615 1855 1670 tom.
1877 1603 1959 1671 11.-

230 1754 266 1820 p.
283 1726 371 1815 294.)
392 1736 504 1793 ortum
523 1744 593 1788 esse
614 1717 817 1786 credendum
838 1717 898 1799 sit,
929 1715 963 1781 id
987 1738 1031 1780 ex
1051 1713 1113 1824 iis,
1136 1737 1222 1802 quae
1243 1737 1346 1805 supra
1367 1717 1410 1784 de
1430 1716 1557 1806 ὅππως,
1584 1713 1714 1797 ὖκκόσθς
1735 1731 1797 1786 θῑῦ·
1818 1719 1925 1813 diffie·

230 1847 382 1926 ruimus,
414 1836 578 1929 apparet.)
610 1857 715 1920 eaque
746 1843 795 1898 est
822 1830 925 1900 latina
953 1831 1118 1920 particula
1145 1853 1228 1920 que,
1257 1855 1321 1920 pro
1352 1855 1418 1920 qua
1446 1832 1549 1899 etiam
1572 1855 1620 1921 pe
1647 1835 1785 1902 videtur
1804 1837 1842 1902 in
1861 1859 1927 1904 usu

232 1959 356 2040 fuisse,
388 1955 443 2045 (cf.
468 1955 593 2043 ipsipe,
623 1951 761 2039 quippe,
784 1969 901 2036 nempe
921 1945 1013 2013 infra
1033 1949 1062 2031 §.
1085 1941 1165 2041 Π).
1210 1945 1320 2033 Atque
1355 1949 1417 2016 hac
1442 1948 1579 2034 quidem
1606 1950 1740 2017 'ratione
1763 1950 1927 2040 explicari

234 2086 364 2167 potest,
387 2069 559 2160 quomodo
575 2068 701 2133 factum
718 2065 780 2149 sit,
799 2077 838 2130 ut
856 2064 892 2130 in
910 2062 1030 2128 iisdem
1051 2063 1224 2130 vocabulis
1237 2063 1315 2130 Indi
1333 2063 1506 2165 interdum
1516 2085 1563 2152 p,
1585 2064 1735 2132 Romani
1756 2089 1802 2154 qu
1821 2067 1928 2134 sivec

233 2193 389 2258 habeant.
434 2186 474 2251 In
494 2185 610 2270 lingua
631 2181 744 2248 indica
766 2195 799 2247 et
820 2179 951 2248 nautica
965 2202 1012 2268 ap
1026 2179 1165 2264 dicitur,
1188 2180 1340 2248 inlatina
1353 2202 1455 2269 aqua.
1503 2180 1607 2269 Apud
1621 2180 1723 2249 Indos
1734 2196 1804 2271 pot
1818 2185 1928 2271 signi·

234 2305 315 2372 licat
340 2314 374 2369 et
393 2322 529 2366 sursum
552 2310 586 2363 et
607 2296 763 2362 deorsum
784 2295 897 2385 ferri3
929 2297 1047 2362 eadem
1073 2296 1168 2364 notio
1196 2297 1233 2363 in
1261 2319 1381 2384 graeca
1408 2295 1520 2362 radice
1547 2321 1605 2363 πετ
1624 2295 1727 2381 inest,
1759 2320 1779 2361 e
1801 2316 1867 2380 qua
1889 2310 1928 2364 et

17 2443 20 2447 ’
135 2496 143 2507 s,
234 2429 358 2492 πίπτειν
379 2428 412 2485 et
438 2417 573 2499 πέτομαι
593 2413 770 2499 oriuntur,
800 2414 1103 2502 Romanorumque
1131 2411 1251 2481 cudere
1272 2413 1314 2505 ad
1336 2413 1478 2502 eandem
1498 2412 1640 2504 stirpem
1660 2412 1796 2479 videtur
1817 2415 1928 2502 perti-

234 2563 318 2608 nere
339 2532 594 2624 significareque
621 2528 779 2618 deorsum
795 2528 902 2621 ferri.
945 2531 1074 2597 Eadem
1089 2523 1293 2600 'litterarum
1316 2529 1539 2621 discrepantia
1558 2530 1596 2596 in
1615 2528 1713 2596 initio
1732 2529 1929 2618 pontschon
2011 2516 2025 2528 ⁶

234 2654 352 2738 verbi,
382 2650 472 2740 quod
488 2648 611 2716 Graeci
630 2649 738 2733 πέντε,
767 2647 913 2715 Romani
936 2648 1083 2737 quinque
1100 2647 1257 2715 efferunt.
1299 2646 1450 2715 Eaedem
1479 2646 1610 2715 litterae
1632 2646 1668 2716 iu
1690 2669 1810 2737 graeco
1831 2651 1929 2716 στέλ-

234 2781 297 2839 λειν
319 2775 586 2848 commutantur,
616 2786 679 2852 pro
709 2784 777 2850 quo
806 2765 905 2832 etiam
927 2769 1067 2833 στέλλειν
1095 2764 1222 2831 dictum
1254 2776 1313 2832 est.
1357 2761 1425 2853 (Ci
1447 2762 1659 2852 Hesychium
1682 2787 1707 2831 s.
1728 2786 1763 2830 v.
1789 2768 1928 2832 ατελλέ-

235 2913 340 2974 μεκαι,
362 2879 452 2968 quod
472 2885 662 2967 στειλάμεναι
683 2877 853 2969 explicat)
895 2881 1053 2966 Denique
1073 2883 1137 2947 hoc
1157 2901 1292 2968 quoque
1312 2879 1601 2947 commonendum
1622 2880 1757 2948 videtur
1778 2904 1865 2967 essa,
1886 2882 1928 2950 in

224 3005 353 3088 ,lingna
374 2996 502 3062 zentica
529 3018 553 3059 u
579 2995 725 3063 litteram
753 2996 930 3083 aliquoties
958 2998 995 3063 in
1014 3020 1040 3086 p
1062 3007 1223 3065 mutatam
1246 3021 1328 3063 esse.
1371 2997 1466 3062 Nam
1488 3018 1551 3086 pro
1573 3019 1659 3077 apro
1680 3018 1782 3084 eqsuss
1803 2998 1928 3067 dicitur

238 3115 341 3208 arpo,
369 3135 431 3203 pro
450 3110 565 3183 indico
586 3113 685 3192 vicus
707 3113 818 3181 omnis
839 3115 948 3204 vispe,
970 3138 1034 3204 pro
1057 3115 1172 3181 indico
1195 3127 1256 3196 ςνῑι·
1277 3112 1373 3180 conis
1393 3115 1474 3180 κέων
1495 3135 1569 3201 spa.
1923 3117 1930 3131 '

343 3230 377 3315 8)
400 3231 581 3314 Postquam
599 3228 640 3295 de
655 3231 765 3298 littera
779 3254 937 3316 consona,
960 3253 1064 3319 aqua
1079 3231 1241 3311 verbum,
1264 3251 1332 3315 quo
1352 3229 1393 3296 de
1408 3231 1557 3317 agimus,
1579 3228 1742 3318 incepisse
1756 3241 1927 3319 putamus,

236 3347 317 3416 satis
341 3344 447 3410 multa
471 3342 637 3428 diximus,
660 3346 761 3414 etiam
780 3347 911 3415 deeius
933 3347 1043 3415 vocali
1058 3345 1192 3414 videtur
1207 3347 1440 3413 disserendum
1455 3369 1537 3413 esse.
1580 3346 1631 3412 Ea
1643 3346 1680 3414 in
1697 3333 1837 3415 diversis
1852 3349 1930 3416 for-

223 3465 303 3533 mis
319 3483 389 3527 non
412 3458 527 3524 eadem
548 3458 623 3527 tuit.
667 3463 761 3530 Nam
781 3464 837 3529 vel
858 3464 872 3530 i
892 3464 1044 3532 vocalem
1061 3463 1117 3529 vel
1140 3484 1216 3529 eam
1230 3464 1381 3529 vocalem
1395 3440 1430 3528 in
1445 3458 1647 3552 pronomine
1662 3463 1927 3563 demonstrativo

237 3579 393 3647 ridemus
414 3575 537 3659 inesse,
561 3598 663 3664 quam
686 3577 762 3643 Indi
784 3601 846 3668 per
869 3588 906 3664 ἅ,
929 3581 1051 3648 Graeci
1071 3601 1133 3668 per
1151 3572 1187 3663 ὅ,
1206 3580 1357 3646 Romani
1368 3602 1430 3668 per
1453 3579 1694 3668 uexprimunt.
1737 3581 1802 3646 Sed
1818 3604 1927 3670 quum
1998 3624 2002 3633 ·

236 3694 436 3767 sanseritum
453 3699 492 3775 ὅ,
513 3712 669 3778 graecum
688 3704 723 3776 ὅ,
751 3693 893 3761 latinum
914 3705 935 3758 u
955 3696 998 3762 ad
1017 3695 1196 3763 nominum
1220 3695 1478 3762 declinationem
1498 3693 1710 3762 efficiendam
1733 3699 1949 3787 saepissime·

239 3813 455 3891 adhibeatur,
477 3807 491 3872 i
511 3808 682 3893 antiquior
702 3809 775 3876 sine
798 3810 899 3876 dubio
916 3810 982 3878 fuit
998 3811 1119 3896 littera,
1143 3824 1249 3899 eaque
1264 3812 1306 3879 ab
1322 3813 1443 3893 altera,
1465 3830 1551 3896 quae
1567 3811 1796 3880 declinationis
1811 3836 1929 3882 caussa

213 3923 393 3994 'adiuncta
419 3936 487 4010 est,
518 3924 642 4012 passim
667 3925 739 3992 sive
762 3928 937 3994 obscurata
962 3927 1035 3995 sive
1057 3929 1199 4018 expulsa
1220 3941 1280 3996 est.
1325 3928 1442 4015 ltaque
1469 3948 1540 3993 non
1569 3928 1681 4017 potuit
1705 3928 1800 4014 fieri,
1830 3931 1928 4018 quin,

238 4054 342 4132 prout
362 4053 419 4108 aut
440 4042 454 4105 i
476 4042 590 4111 littera,
606 4041 826 4126 retineretur,
856 4052 915 4107 aut
935 4044 1040 4110 altera
1061 4045 1173 4112 littera
1197 4047 1233 4111 in
1254 4044 1478 4125 declinatione
1500 4042 1695 4128 adderetur,
1720 4032 1845 4132 duplex
1866 4046 1954 4113 da·

239 4141 387 4228 elinandi
414 4157 500 4222 ratio
533 4159 696 4242 oriretur,
730 4158 1018 4243 quemadmodum
1054 4160 1127 4226 fere
1162 4161 1251 4251 apud
1281 4162 1457 4228 Romanos
1484 4160 1521 4227 in
1550 4160 1662 4227 verbis
1690 4153 1860 4226 exanimis
1891 4176 1929 4231 et
1985 4188 1989 4193 ’

240 4273 436 4349 exanimus,
469 4270 646 4339 imbecillis
676 4285 710 4340 et
740 4271 928 4340 imbecillus
958 4274 1165 4344 factumest.
1209 4279 1343 4364 Atque,
1371 4286 1411 4343 ut
1433 4276 1660 4365 antiquissima
1682 4274 1823 4366 linguae
1844 4301 1931 4343 san-

148 4389 153 4402 '
236 4394 360 4460 soritae
389 4383 582 4453 testimonia
611 4387 734 4451 iterum
762 4390 874 4476 primo
901 4391 975 4456 loco
1005 4414 1190 4481 ponamus,
1224 4393 1237 4457 ἰ
1265 4393 1376 4459 littera
1396 4403 1489 4458 extat
1512 4394 1550 4459 in
1572 4371 1795 4461 vetustissima
1818 4395 1929 4460 tsrhs‘d

239 4507 421 4596 particula,
444 4523 528 4590 quae
551 4501 594 4569 ad
614 4520 806 4592 pronomen
829 4500 904 4591 kas,
935 4502 996 4594 hs,
1028 4506 1098 4577 kim
1119 4509 1302 4577 adhaerens
1324 4505 1517 4596 barachiel,
1540 4507 1715 4592 katschid,
1747 4508 1945 4593 kintschid,

1852 4624 1927 4690 ati-
