4320 5414
1788 383 1925 509 ss⁵⁷

135 616 139 621 ·
231 599 271 676 ut
299 581 516 675 quidquid
545 583 716 673 objectum
741 592 810 667 est,
840 581 931 670 qaod
957 580 1057 651 mbclo
1086 591 1215 648 natura
1247 581 1381 648 nonsit
1402 578 1571 665 alienum,
1601 604 1639 648 eo
1661 594 1835 650 contentae
1853 606 1921 650 non

231 713 398 790 quaerunt
422 700 584 790 amplius.
629 699 700 778 cte.
722 698 822 766 Vera.
844 698 905 783 IV,
929 704 980 768 ta.
1008 700 1068 766 Ita
1083 694 1331 765 odorabantur
1352 698 1470 764 omnia
1491 709 1526 763 et
1542 697 1837 789 pervestigabant,
1867 711 1920 779 ut,

230 816 292 882 ubi
312 814 521 905 quicquid
539 827 654 896 esset,
674 814 796 903 aliqua
822 814 955 880 ratione
976 814 1185 904 invenirent.x
1222 813 1306 879 Hoc·
1323 815 1363 880 in
1385 816 1461 881 loco
1483 814 1628 902 quicque
1644 815 1824 905 Zumptius
1847 812 1922 880 edi-=

229 931 295 1010 dit,
320 909 480 1021 quoniam
507 929 554 996 sio
579 932 723 1020 postulet
749 929 894 998 latinitas
921 943 957 996 et
982 929 1147 1020 quicquid
1171 953 1243 996 non
1263 939 1411 1018 ponatur
1431 952 1510 995 cum
1531 930 1698 1010 relativis,
1728 932 1787 997 sed
1808 930 1919 1019 ipsum

227 1046 407 1112 relativum
430 1045 484 1111 sit.
527 1042 643 1131 Atque
664 1046 809 1113 alterum
830 1045 988 1134 quidem,
1012 1047 1106 1134 quod
1117 1045 1298 1143 Zumptius
1320 1044 1512 1128 contendit,
1534 1066 1655 1110 verum
1677 1056 1743 1127 est,
1767 1044 1919 1133 quisquis

229 1159 530 1249 relativumasse3
556 1170 666 1246 neque
692 1171 805 1227 tamen
830 1162 943 1229 solum
971 1173 1021 1230 est
1041 1163 1244 1249 relativum,
1273 1160 1454 1227 sedetiam
1476 1182 1665 1251 pronomen
1692 1159 1918 1244 indefinitum,

227 1275 319 1358 quod
340 1288 373 1342 et
396 1299 416 1340 e
439 1276 521 1343 locis
540 1276 664 1361 allatis,
685 1287 719 1343 et
740 1299 785 1344 ex
803 1277 1044 1368 unruquisquie
1064 1279 1345 1368 verbo'apparet.
1390 1278 1506 1364 Quare
1523 1277 1605 1362 quin
1621 1275 1721 1343 etiam
1735 1298 1812 1341 oum
1827 1276 1918 1343 rela-

226 1388 311 1454 tivis-
326 1388 477 1483 quisquis
498 1404 662 1480 ponatur,
690 1415 762 1458 non
783 1405 848 1473 est,
879 1393 971 1480 quod
992 1395 1194 1463 dubitemus.
1239 1392 1563 1475 cic.atFam.V1‚
1589 1397 1615 1459 1.
1652 1392 1859 1480 Quocunque
1881 1393 1918 1456 in

227 1502 300 1570 Ioco
332 1506 532 1594 quisquis
555 1519 630 1597 est,
668 1505 759 1592 iclern
795 1519 845 1572 est
873 1508 906 1574 ci
934 1508 1049 1574 sensns
1073 1532 1115 1574 es·
1140 1508 1281 1576 interitu
1310 1531 1425 1573 rerum
1452 1531 1605 1577 suarum.
1654 1506 1787 1572 Dicitur
1815 1508 1916 1572 etiam

229 1620 487 1707 unusquisquis,
513 1644 579 1708 quo
602 1620 658 1700 id,
690 1621 781 1707 quod
804 1623 846 1687 ad
868 1645 985 1689 omnes
1012 1635 1156 1710 spectet,
1186 1625 1287 1690 etiam
1315 1621 1352 1689 in
1380 1622 1529 1709 singulos
1555 1620 1673 1689 cadere
1695 1621 1864 1689 indicatur
1886 1633 1919 1687 et

137 1763 141 1772 ·
226 1734 323 1803 uerbi
344 1734 440 1801 notio
462 1733 693 1801 confirmatur.
735 1736 872 1803 Lucret.
891 1737 935 1824 V,
964 1740 1059 1803 1337.

539 1865 593 1931 Sic
616 1866 966 1959 unumquidquid
994 1867 1175 1956 paullatim
1196 1824 1367 1959 protrahit
1392 1878 1482 1934 aetas

537 1980 579 2045 In
605 1979 767 2048 medium.

191 2073 195 2080 Ι
227 2109 335 2178 Plaut.
356 2109 451 2180 Trio.
473 2106 534 2196 IV,
558 2115 590 2193 Ξ,
615 2116 667 2179 89.
760 2106 764 2117 ’

539 2245 599 2313 Sin
624 2250 968 2338 unumquicquid
993 2250 1185 2340 singillatim
1213 2263 1245 2317 et
1276 2251 1408 2340 placide
1431 2236 1708 2349 percunctabire,¹
1749 2293 1752 2303 -
1824 2330 1826 2334 q

520 2363 584 2429 .Et
609 2386 725 2449 meum
749 2388 884 2456 nornen
897 2379 930 2434 et
950 2391 1028 2436 mea
1049 2366 1140 2433 facta
1160 2378 1195 2434 et
1213 2387 1302 2475 quae
1318 2366 1442 2433 itinera
1462 2387 1524 2452 ego
1546 2364 1645 2448 faxo,
1671 2364 1765 2430 scias.

332 2521 370 2607 b)
399 2523 498 2590 Aliae
519 2520 730 2609 pronominis
751 2518 918 2587 indefiniti
941 2520 1072 2589 formae
1097 2530 1177 2586 sunt
1198 2518 1344 2607 aliquis,
1372 2519 1561 2606 quispiam,
1591 2520 1792 2608 quisquam,
1820 2529 1918 2613 qnie-

233 2655 330 2722 ques
348 2633 508 2722 quidam,
531 2634 736 2721 quicunqne,
760 2632 886 2719 quivis,
907 2632 1058 2722 quilibet.
1101 2633 1215 2720 Atque
1236 2633 1319 2698 haec
1340 2632 1476 2720 quidem
1497 2633 1701 2723 pronomina
1722 2660 1827 2706 unam
1848 2626 1925 2708 ιιι-ζ

229 2749 389 2816 minativi
417 2748 593 2821 masculini
618 2747 764 2814 formam
789 2747 932 2834 habent,
963 2729 1097 2839 practer
1121 2748 1266 2836 aliquas,
1293 2770 1356 2838 pro
1376 2768 1444 2834 quo
1465 2760 1498 2815 et
1519 2749 1634 2837 aliqui
1654 2749 1692 2816 in
1716 2774 1780 2820 usu
1802 2755 1919 2845 fuisse,

152 2921 155 2927 .
229 2864 431 2932 testimoniis
452 2863 651 2953 comprobat
672 2861 810 2929 Vossius
832 2861 874 2929 de
895 2861 997 2929 Anal.
1015 2863 1079 2949 IV,
1096 2868 1126 2930 8.
1168 2863 1310 2951 Aliquis
1330 2874 1443 2928 autem
1465 2886 1510 2930 ex
1531 2863 1598 2929 alis
1622 2877 1655 2931 et
1679 2867 1755 2955 quis
1776 2891 1919 2961 compo·

217 2983 331 3046 eitum
353 3001 423 3046 esse
443 2992 537 3069 patet
544 3004 556 3063 3
580 2979 693 3068 itaque
714 2977 827 3067 prima
845 2978 916 3045 cius
935 2976 1131 3065 significatio
1153 2990 1202 3044 est
1223 2977 1313 3043 nlius
1334 2977 1426 3065 quis,
1451 2999 1556 3065 eaque
1580 2981 1697 3049 multis
1717 2982 1800 3052 locis
1820 3010 1942 3056 oom·.‘

227 3097 403 3185 probatur.
446 3094 516 3162 Cic.
538 3092 580 3159 de
600 3089 674 3158 Oil.
687 3093 716 3175 I,
731 3097 762 3158 7.
791 3093 848 3158 ira
877 3091 1005 3158 autel
1011 3092 1025 3156 i
1032 3113 1113 3178 qua
1133 3090 1389 3179 perturbatione
1409 3092 1581 3159 incitatus.
1625 3095 1676 3160 Id.
1698 3097 1740 3162 de
1761 3100 1856 3167 Orat.
1870 3106 1918 3184 Il,

228 3211 285 3278 42'.
304 3206 420 3278 Plura
433 3207 544 3275 multa
556 3206 706 3272 homines
720 3205 878 3273 iudicant
892 3204 989 3287 odio,
1011 3217 1074 3273 aut
1086 3200 1219 3287 amore,
1243 3218 1306 3274 aut
1320 3206 1524 3295 cupiditate,
1547 3217 1610 3271 aut
1629 3207 1832 3295 iracundia,
1854 3232 1918 3287 aut

227 3324 363 3404 dolore,
386 3323 617 3402 euticetitia,
641 3333 704 3388 cut
718 3343 788 3409 spe,
812 3334 876 3387 aut
891 3321 1032 3402 timore,
1054 3332 1119 3389 aut
1132 3343 1259 3402 errore,
1282 3334 1346 3388 aut
1361 3322 1514 3409 aliqua
1527 3324 1803 3409 permotione
1820 3354 1917 3398 neen-

230 3442 289 3519 tis,
312 3462 417 3529 quarn
433 3438 585 3520 veritate.
627 3435 698 3524 (Ol.
716 3434 873 3503 Oudend.
887 3435 930 3504 ad
945 3437 1040 3504 Caes.
1057 3435 1095 3503 Β.
1107 3458 1135 3504 c.
1149 3437 1176 3518 1,
1189 3437 1256 3524 ta.)
1299 3437 1430 3506 Verum
1442 3437 1645 3528 plerumque
1660 3452 1773 3508 tamen
1789 3445 1918 3535 aliquio
2031 3479 2034 3491 ·

228 3577 421 3647 pronomen
448 3551 642 3622 affirmandi
667 3550 751 3616 vim
769 3551 870 3619 habet
891 3563 924 3629 et
945 3552 998 3636 id,
1031 3551 1122 3641 quod
1142 3565 1256 3619 mente
1277 3564 1480 3641 conceptum
1502 3574 1591 3637 esse,
1620 3554 1696 3641 quis
1722 3579 1917 3646 pronomen
1969 3547 1977 3559 ’

179 3648 182 3654 ’
230 3672 395 3750 declarat,
424 3668 492 3734 alis
520 3666 673 3734 additum
705 3667 866 3733 coeteris
893 3666 1043 3735 eiusdem
1070 3667 1200 3755 generis
1219 3671 1329 3736 rebus
1351 3667 1486 3747 eximit,
1517 3679 1552 3732 et
1564 3666 1745 3738 diversum
1769 3698 1838 3741 esse
1860 3679 1918 3761 eit,

230 3797 265 3852 et
293 3783 435 3850 itacius
465 3776 639 3847 notionem
667 3781 775 3849 multo
804 3781 911 3868 magis
938 3756 1171 3871 perspicuam,
1197 3783 1373 3871 multoque
1401 3782 1577 3849 certiorem
1606 3795 1639 3850 et
1661 3786 1918 3859 luculentiorem

226 3912 303 3972 esse
323 3896 461 3965 indicat.
505 3894 839 3984 Cio.proFont.13.
868 3892 955 3962 Non
975 3896 1075 3964 modo
1097 3897 1233 3964 nullum
1247 3896 1394 3987 jocinus
1414 3896 1519 3984 luojus
1532 3897 1772 3985 protulerunt,
1798 3900 1858 3969 sed
1878 3929 1920 3974 ne

233 4017 365 4086 dictum
394 4009 531 4102 quidem
554 4010 600 4074 al
608 4012 623 4075 i
631 4009 742 4099 quod
769 4009 1060 4098 reprelunrlerunt.
1104 4012 1237 4080 Caecin.
1262 4019 1312 4084 11.
1342 4013 1493 4097 Quaero,
1524 4012 1612 4078 sitne
1637 4012 1794 4102 aliqua
1814 4018 1919 4108 luejus
1962 4076 1967 4086 .

236 4135 286 4199 rei
316 4130 406 4197 aetio
426 4150 472 4192 an
494 4124 617 4191 nulla?
649 4127 704 4192 De
725 4125 827 4194 Ollio.
847 4128 875 4214 1
896 4132 949 4195 38.
983 4128 1081 4210 Quae
1097 4150 1180 4194 cum
1200 4129 1361 4218 aliqua
1376 4124 1634 4216 perturbatione
1647 4125 1767 4216 fiunt,
1797 4158 1838 4217 ea
1857 4160 1917 4202 nec

236 4255 430 4315 constanter
440 4238 529 4330 fieri
546 4251 706 4330 possunt,
729 4252 869 4309 necere
913 4239 1011 4330 Quae
1028 4241 1232 4329 affirmativa
1252 4242 1466 4371 pronominis
1485 4243 1538 4308 vis
1558 4245 1681 4311 sensim
1699 4245 1748 4314 ita
1762 4250 1916 4332 obtinuit,

233 4375 274 4431 ut
283 4352 571 4446 compositionis
573 4356 664 4422 nlius
686 4348 762 4446 quia
782 4357 984 4445 significatio
1006 4360 1252 4426 obscuraretur.
1296 4356 1459 4447 Quare
1432 4379 1461 4421 ss
1482 4376 1554 4422 rem
1577 4361 1771 4449 quampiam
1793 4368 1833 4430 ab
1855 4366 1918 4433 elia
2009 4358 2019 4374 ⁸

234 4474 374 4546 differre
393 4475 574 4538 accuratius
595 4469 741 4540 indicare
766 4474 969 4583 volucrunt,
1004 4475 1116 4563 potius
1138 4474 1230 4565 alius
1251 4473 1328 4564 quis
1350 4472 1519 4539 dixerunt
1565 4471 1617 4539 Cf.
1639 4475 1718 4542 Liv.
1739 4475 1782 4561 V,
1804 4479 1856 4548 ιι.
1878 4481 1917 4548 Si

1505 4585 1544 4654 H
1647 4608 1655 4626 t
