4320 5414
65 302 277 489 ‘''cs

227 564 345 650 patur,
367 549 403 659 sil
414 547 456 617 de
471 546 600 615 duabus
622 540 773 634 partibus
796 539 926 630 agitur,
946 559 1092 627 quarum
1106 539 1211 608 aitsra
1227 537 1297 608 iam
1315 536 1472 630 exposita·
1483 552 1532 608 est
1544 555 1579 611 et
1590 559 1764 635 enorme,
1783 549 1920 638 iivero,

229 668 287 763 qui
309 668 347 737 in
368 669 474 737 altera
495 675 574 732 snnt
588 673 701 754 parte,
730 658 902 727 coniuncti
920 656 1271 750 comprehenduntur,
1291 676 1401 745 neque
1420 657 1563 749 singuli,
1582 659 1689 732 sedin
1703 689 1811 753 unum
1827 667 1923 758 quasi

232 787 409 856 stimulum
424 780 619 873 congregati
633 775 877 865 intelliguntur.
936 860 939 869 ι

105 987 109 999 ¹
219 910 222 915 ’
343 900 430 971 Uter
450 913 485 972 et
505 891 641 968 relativi
658 906 692 961 et
710 892 943 984 interrogativi
961 891 1174 986 pronominis
1190 892 1316 962 habers
1330 889 1420 979 rim,
1442 891 1544 963 multi
1563 905 1736 965 auctorum
1745 898 1811 967 loci
1825 922 1929 970 coma

233 1022 390 1115 probant.
431 1016 654 1086 Indefinitum
678 1034 871 1102 pronomen
884 1012 984 1082 estin
996 1012 1177 1096 alteratam
1196 1030 1348 1097 namque
1362 1009 1413 1076 nti
1427 1010 1503 1099 quie
1515 1009 1692 1083 indefinito
1707 1016 1927 1113 praeponitur

117 1143 120 1153 '
231 1137 301 1220 nli,
322 1137 370 1203 ita
391 1145 429 1201 ut
448 1132 579 1222 aliquis
604 1128 751 1196 oriatur:
776 1129 824 1196 sic
839 1128 949 1196 dusiis
968 1139 1219 1219 componuntur
1232 1126 1457 1213 pronomina,
1475 1125 1510 1192 id
1525 1137 1593 1209 est,
1613 1117 1733 1217 aliquis
1752 1128 1930 1213 ednotus,

192 1307 199 1316 .
232 1254 490 1337 Nonnunquam
512 1249 616 1316 etiam
639 1244 786 1335 simplex
802 1254 880 1310 uter
897 1243 1064 1311 indefiniti
1079 1241 1289 1333 pronominis
1310 1241 1411 1309 habet
1424 1241 1723 1332 significationem:
1746 1268 1780 1314 r.
1796 1269 1824 1315 e.
1837 1246 1931 1338 apud

210 1348 213 1353 ⁸
232 1336 433 1438 Ciceronem
449 1366 550 1433 Verr.
563 1364 627 1447 111,
645 1360 695 1428 14.
728 1359 895 1428 Omnium
910 1359 1216 1455 controversiarum
1222 1407 1235 1440 ,
1259 1380 1348 1448 quac
1363 1371 1470 1426 essem
1482 1358 1571 1427 inter
1584 1373 1756 1429 ardorem
1768 1383 1811 1428 ac
1824 1360 1931 1430 decu.-

231 1506 396 1564 mcnum,
418 1482 450 1548 si
469 1492 564 1551 uter
584 1479 688 1560 velit,
711 1474 828 1561 edicit,
849 1501 884 1546 sc
903 1490 1153 1568 recuperatores
1167 1474 1343 1545 daturum·
1383 1477 1432 1546 Et
1445 1477 1561 1568 paullo
1573 1491 1674 1570 posta
1705 1476 1857 1550 Utrum
1875 1481 1933 1551 ita

177 1648 188 1666 e
233 1598 429 1690 scripserit,
450 1598 483 1663 si
503 1596 557 1665 ita
575 1595 674 1664 colet.
1918 1659 1922 1671 ¹

342 1713 500 1802 Denique
523 1712 569 1778 de
591 1713 691 1779 huius
712 1710 807 1778 vocis
822 1710 951 1800 origine
968 1723 1020 1780 est
1040 1710 1247 1779 dicendum
1275 1707 1379 1797 Quod
1398 1708 1757 1799 eiindicumjacarea,
1776 1730 1934 1799 graecum

237 1824 370 1920 πότερος
390 1829 539 1916 aliasque
561 1827 693 1916 linguae
715 1848 969 1918 comparamus,
1002 1851 1074 1895 non
1095 1847 1290 1918 possumus,
1318 1825 1400 1913 quin
1422 1849 1442 1891 e
1461 1827 1538 1915 quis
1557 1826 1628 1893 sive
1649 1828 1710 1916 qui
1728 1828 1935 1917 pronomina

239 1960 317 2016 nter
347 1968 418 2014 esss
443 1943 669 2012 derivandum
698 1954 894 2012 statuamus.
942 1943 1008 2010 Sed
1027 1966 1072 2010 ex
1091 1944 1156 2010 hac
1174 1965 1259 2011 vocs
1279 1963 1384 2028 quum
1405 1950 1541 2008 euterue
1562 1942 1636 2035 sive
1654 1955 1747 2010 cutcr
1764 1943 1936 2033 proficisci

241 2063 378 2149 debeat,
408 2083 581 2151 quumque
600 2060 713 2157 plures
734 2059 936 2149 particulae,
961 2050 1048 2146 quse
1069 2073 1103 2128 et
1124 2059 1301 2128 relativam
1323 2069 1357 2124 et
1377 2056 1590 2126 indefinitam
1610 2072 1644 2127 et
1657 2058 1937 2148 interrogativum

66 2172 68 2176 ⁴
185 2232 188 2237 .
241 2178 369 2245 habent
380 2178 469 2263 vim,
491 2177 532 2243 ab
546 2199 570 2244 u
585 2175 767 2266 incipiant,
788 2176 862 2257 uti,
881 2173 971 2242 unde
977 2224 990 2257 ‚
1010 2174 1087 2258 ubi,
1109 2198 1231 2265 usque3
1253 2173 1411 2260 fuerunt,
1432 2174 1492 2263 qui
1506 2172 1548 2240 ab
1563 2173 1710 2244 obsoleta
1724 2176 1835 2264 aliqua
1849 2201 1939 2251 voce

139 2356 143 2368 ,
205 2326 211 2333 -
242 2314 285 2358 uc
306 2295 390 2373 haec
409 2291 573 2357 vocabula
593 2291 760 2380 originem
779 2291 902 2358 ducere
914 2291 1098 2358 crederent.
1141 2293 1192 2359 At
1206 2313 1311 2378 quum
1325 2311 1434 2378 neque
1449 2289 1512 2355 hoe
1526 2288 1726 2358 vocabulum
1739 2294 1938 2367 inveniatur

126 2496 129 2502 Ι
226 2425 408 2511 ,usquam
431 2427 543 2492 neque
561 2429 600 2472 ea
614 2405 714 2472 radix
730 2407 954 2492 argumentis,
976 2407 1202 2493 elinguarnm
1219 2405 1469 2495 comparatione
1483 2403 1605 2495 petitis,
1625 2409 1837 2496 comprobari
1848 2432 1940 2502 pos-4

244 2522 299 2607 sit,
319 2520 476 2609 equidem
489 2519 591 2587 talem
604 2520 754 2589 radicem
767 2521 908 2597 omnino
921 2543 1071 2609 unquam
1085 2521 1231 2589 extitisse
1243 2544 1341 2609 nego.
1372 2519 1484 2588 Mults
1496 2519 1589 2586 enim
1600 2536 1679 2590 sunt
1689 2523 1828 2613 indicia,
1846 2548 1937 2615 quae

213 2677 225 2730 g
244 2638 305 2707 has
325 2637 507 2728 particulas
528 2658 549 2702 s
570 2637 774 2727 pronomine
791 2637 934 2707 relativo
949 2660 1021 2704 esse
1035 2637 1236 2706 derivandos
1254 2638 1352 2705 nobis
1368 2632 1584 2727 persuadent.
1627 2639 1719 2707 Nam
1732 2642 1882 2729 primunt
1895 2645 1936 2717 in

156 2831 159 2835 ⁴
247 2753 406 2820 omnibus
419 2751 542 2839 linguis
557 2753 706 2839 cognatis
717 2753 817 2820 huius
830 2755 970 2842 generis·
973 2755 1158 2846 particulae
1171 2778 1191 2821 e
1202 2750 1478 2843 pronominibus,
1502 2774 1589 2841 quac
1603 2757 1776 2824 communi
1789 2757 1940 2838 demens

246 2867 468 2937 stratirorum
483 2869 621 2937 nominc
633 2870 920 2959 nuncupavimus,
950 2882 1047 2949 ortae¹
1059 2885 1148 2939 sunt.
1192 2868 1343 2949 Deinde,
1365 2867 1649 2953 quemadmodum
1662 2871 1707 2958 ici
1723 2871 1776 2962 (in
1787 2872 1942 2965 isidem),-

248 2982 422 3070 thisinae
440 3008 459 3050 e
481 2984 684 3073 pronomine
706 2982 736 3049 is
756 2985 954 3052 fluxerunta
975 2987 1024 3052 sic
1043 2986 1098 3052 uti
1116 2997 1152 3053 et
1171 2968 1282 3050 ubist
1301 2981 1391 3050 unde
1400 2983 1599 3072 particulas,
1622 3009 1708 3074 quas
1721 3010 1858 3059 omnem
1873 2996 1940 3080 qui

249 3094 463 3190 pronominis
473 3096 754 3184 significationem
768 3099 909 3187 habent,
932 3126 952 3170 s
966 3103 1026 3192 qui
1041 3115 1130 3169 ortss
1143 3123 1213 3168 esse
1227 3121 1411 3199 earumque
1424 3101 1578 3189 proprias
1589 3099 1715 3169 formas
1727 3104 1821 3189 cuti,
1841 3104 1942 3192 cubi,
1973 3182 1977 3187 ‚
2012 3154 2016 3161 -

249 3210 356 3280 dende
370 3211 483 3294 inisse,
503 3194 580 3279 reri
596 3226 646 3280 est
657 3215 878 3285 simillimum·
911 3217 1059 3285 Maximi
1072 3228 1184 3285 auum
1205 3240 1246 3283 ea
1257 3216 1296 3284 in
1310 3238 1350 3281 re
1362 3214 1400 3281 id
1412 3227 1464 3281 eat
1477 3217 1653 3303 momenti,
1674 3219 1764 3306 quod
1779 3221 1940 3310 antiquae

250 3327 335 3395 istae
364 3326 496 3397 fornae
524 3328 563 3398 in
588 3333 782 3424 compositis
811 3333 1073 3423 pronominibus
1099 3333 1292 3399 etiamnunc
1321 3341 1458 3414 extsnt;
1491 3333 1681 3422 reperimus
1702 3336 1793 3404 enirn
1813 3339 1938 3427 sicubi,
2019 3405 2021 3409 .

138 3426 147 3443 ⁹
251 3439 398 3529 alicubi,
420 3444 595 3529 alicunde,
619 3447 777 3531 sicunde,
798 3474 864 3540 pro
883 3473 1005 3540 nequo
1024 3451 1061 3517 in
1080 3448 1172 3530 loco,
1191 3444 1330 3528 necubi,
1352 3451 1754 3540 etproncquoaeloeo,
1776 3457 1940 3530 munde,

252 3559 385 3628 Eadem
405 3562 556 3631 c'littera
575 3565 613 3632 in
636 3567 742 3633 verbo
762 3590 855 3633 aecus
877 3577 1034 3657 apparet,
1055 3566 1154 3654 jquod
1175 3587 1245 3633 esc
1254 3565 1505 3656 praepositione
1515 3578 1549 3633 et
1561 3589 1619 3634 cus
1632 3567 1792 3636 adverbio
1805 3593 1942 3662 pronod

252 3676 372 3747 mincii
394 3675 454 3768 (οΙ.
474 3679 564 3748 infra
583 3680 613 3771 §.
630 3680 699 3771 25.)
720 3658 945 3775 compositum
968 3694 1028 3750 est.
1070 3681 1137 3751 His
1158 3703 1220 3770 ego
1244 3684 1345 3748 rebus
1365 3681 1532 3769 adducor,
1560 3698 1601 3753 ut
1616 3685 1721 3753 etiam
1741 3693 1941 3779 uteroque·

168 3840 181 3859 ,
255 3808 386 3882 ortum,
414 3794 516 3887 idque
535 3820 599 3889 pro
618 3799 807 3887 antiquiore
829 3800 940 3869 forms
958 3810 1054 3867 cester
1072 3799 1200 3867 dietum
1221 3818 1292 3867 esse
1306 3811 1469 3883 statuam,
1490 3799 1586 3869 cuitu
1602 3823 1687 3888 quse
1706 3804 1816 3894 prima
1833 3803 1943 3876 fuerit

126 3904 140 3921 ⁸
224 3909 424 4002 ,clittsra,
444 3913 494 3982 uti
515 3914 552 3983 in
575 3912 692 3984 litteris
708 3917 930 4006 guttnrslibus
944 3937 1190 4004 nonnunquam
1204 3915 1280 3985 fieri
1291 3914 1429 4002 assolet,
1448 3915 1797 4008 primumsttenuata,
1815 3919 1942 3992 deindo
2016 3927 2027 3938 “

257 4024 378 4094 emim
398 4028 451 4100 sit·

919 4113 964 4139 ·’
1041 4131 1075 4214 t.
1102 4120 1166 4199 16.

323 4250 381 4309 Dii
403 4249 764 4320 t‘ttottotttttttstts
794 4260 1087 4323 Gnascottutt
1115 4264 1173 4320 ΕΤ
1193 4263 1495 4324 ROMANORUM
1518 4263 1870 4327 eoaustsrtvts.
1912 4255 1914 4259 ’

355 4391 391 4475 1)
409 4390 575 4461 Omnium
596 4416 709 4467 rarum
732 4411 766 4466 et
783 4422 944 4467 numerus
964 4411 998 4468 st
1014 4401 1214 4490 magnitudo
1237 4414 1271 4469 et
1284 4413 1375 4469 aetas
1387 4403 1538 4490 aliaeque
1554 4403 1788 4474 huiuscemodi
1804 4404 1942 4496 generis

258 4515 355 4576 ectu
376 4505 424 4579 tta
442 4518 521 4581 suat
547 4508 727 4604 propriae,
756 4524 793 4584 ut
818 4536 878 4585 sss
897 4527 989 4587 carta
1007 4517 1075 4587 sint
1096 4530 1131 4588 st
1149 4531 1314 4611 perpetua
1333 4540 1451 4586 earam
1470 4517 1605 4590 indicis.
1647 4521 1782 4590 Harum
1802 4523 1942 4610 quidem
1983 4560 1989 4568 =
