4320 5414
1882 324 2001 470 st*

255 566 473 689 ⁴pronominis
491 592 604 661 radica
625 589 895 679 disputavimus,
912 591 992 658 satis
1012 591 1057 659 sit
1077 590 1313 681 perspicuum,
1336 578 1407 658 tum
1429 589 1509 657 inde
1529 566 1638 681 potest
1658 590 1831 678 cognosci,
1854 591 1946 676 qnod
2041 595 2048 606 '

245 702 350 802 ‘apud
380 713 572 779 Homerum
589 712 668 802 soi,
695 710 765 789 ταί,
796 707 996 774 nominativi
1024 708 1168 798 pluralis
1190 708 1344 803 numeri,
1374 729 1474 796 saepe
1502 706 1731 798 reperiuntur·
1774 704 1946 794 Quoniam

258 841 371 900 autem
401 827 502 918 etiam
529 825 568 891 in
597 823 714 912 lingua
739 823 898 891 samarita
922 824 1097 913 singularis
1124 826 1257 892 numeri
1286 823 1518 892 nominativus
1544 821 1581 888 in
1609 821 1796 890 masculino
1824 845 1948 914 genere
1982 806 1985 811 ⁵

258 967 314 1012 sos
330 956 364 1012 et
385 944 421 1010 in
444 937 610 1007 iem‘nino
630 960 671 1004 so
691 938 812 1024 habet,
836 938 878 1010 in
898 940 1015 1028 lingna
1037 941 1296 1029 anglosaxonica
1316 940 1371 1028 αἱ,
1391 941 1465 1024 se'b,
1487 939 1526 1005 in
1545 938 1679 1026 gothica
1697 960 1757 1022 eo,
1777 948 1832 1031 so,
1855 923 1948 1006 etin

255 1061 374 1146 lingna
408 1057 521 1146 prisca
548 1067 718 1124 terrarum
745 1055 1060 1145 septentrionalium
1087 1079 1145 1144 so,
1174 1053 1234 1144 ari,
1263 1058 1413 1147 Boppius
1441 1055 1621 1140 iudicavit,
1651 1053 1705 1139 (in
1731 1053 1819 1120 libro
1847 1077 1950 1144 supra

256 1175 411 1257 laudato,
433 1172 535 1255 1825,
554 1195 590 1262 p.
611 1171 679 1258 66.)
700 1171 951 1240 nominativum
972 1172 1072 1241 huius
1092 1173 1322 1262 pronominis,
1347 1172 1544 1262 priusquam
1567 1170 1623 1238 isti
1642 1169 1797 1261 populie
1816 1170 1949 1238 sedibus

193 1326 199 1341 =
257 1290 375 1381 patriis
395 1289 557 1368 abissent,
583 1286 783 1375 linguasque
804 1308 881 1356 suas
899 1285 937 1356 in
964 1283 1208 1380 diversissimaq
1235 1291 1392 1378 regiones
1415 1290 1587 1370 tulissent,
1616 1286 1707 1375 apud
1727 1273 1949 1375 plerosques

258 1405 406 1495 primam
428 1403 581 1470 habuisse
601 1403 758 1470 litteram.
803 1406 926 1492 Neque
946 1417 1078 1490 tamen,
1105 1406 1141 1473 id
1159 1407 1255 1497 quod
1279 1407 1429 1496 Boppius
1453 1384 1699 1494 opinatusesse
1721 1401 1875 1485 videtur,
1905 1423 1949 1467 ex

257 1519 472 1615 illis-formis
496 1517 631 1584 videtur
657 1519 778 1606 colligi·
792 1532 897 1608 atque
926 1522 1081 1591 concludi
1109 1545 1225 1611 posse,
1259 1549 1277 1588 s
1304 1524 1452 1590 litteram
1477 1522 1515 1587 in
1543 1517 1754 1584 nominativo
1783 1517 1824 1582 ab
1851 1515 1957 1583 initio

260 1637 360 1704 huius
387 1634 599 1725 pronominis
627 1633 730 1700 tuisse
751 1635 959 1723 primitivam
982 1648 1016 1702 et
1037 1638 1075 1703 in
1097 1638 1254 1706 omnibns
1275 1637 1424 1723 cognatis
1445 1635 1567 1722 linguis
1589 1633 1756 1699 usitatam.
1800 1634 1891 1698 Nam
1914 1643 1948 1697 et

260 1750 436 1820 Litthuani
462 1760 477 1813 t
503 1751 647 1816 litteram
678 1749 715 1814 in
745 1728 956 1817 nominativo
985 1752 1149 1838 retinent,
1177 1763 1209 1818 et
1237 1752 1329 1818 Letti
1352 1750 1602 1817 nominativum
1623 1748 1755 1834 solvis„
1773 1747 1865 1832 sebi
1885 1749 1949 1813 ba·
2000 1750 2014 1771 ⁸

221 1876 229 1887 ‘
261 1870 349 1934 bent.
392 1865 508 1949 Quare
533 1875 682 1934 non-ast
705 1863 949 1948 dubitandum,
979 1860 1063 1951 quin
1091 1891 1108 1933 a
1135 1868 1263 1950 littera,
1293 1889 1357 1956 pro
1387 1887 1452 1950 qua
1475 1866 1596 1931 Graeci
1614 1864 1772 1952 spiritum
1794 1885 1949 1952 asperum
1998 1864 2005 1905 7

258 1993 524 2070 usurpaverunt,
550 2003 610 2062 eo,
632 2002 698 2069 qno
716 2002 821 2068 supra
844 1981 885 2064 (§.
898 1984 931 2047 7.
949 1981 998 2068 2,)
1018 1982 1183 2096 diximus,
1213 1982 1317 2049 modo
1340 2006 1358 2049 e
1379 1982 1489 2048 littera
1507 1979 1704 2069 primigenia
1725 1982 1768 2048 sit
1788 1978 1948 2070 proiecta.

260 2099 384 2185 Neque
409 2094 537 2163 mirum
563 2108 635 2182 eat,
657 2096 692 2164 si
718 2096 954 2165 nominativus
979 2099 1154 2165 masculini
1179 2110 1213 2165 et
1226 2097 1393 2177 ‚feminini
1414 2096 1547 2185 generis
1573 2096 1652 2162 huic
1671 2096 1852 2164 mutationi
1878 2105 1950 2163 erat

184 2257 196 2265 ,
263 2211 449 2293 obnoxius3
478 2209 639 2298 frequens
667 2201 772 2280 enim'
787 2212 891 2289 huius
915 2233 1009 2280 casus
1037 2236 1117 2280 usus
1139 2216 1250 2284 levem
1272 2227 1306 2282 et
1327 2190 1460 2282 facilem
1483 2214 1654 2313 litteram,
1677 2213 1782 2299 qualis
1802 2237 1825 2279 a
1840 2212 1950 2277 littera

261 2343 382 2399 natrua
403 2341 546 2408 estam,
565 2319 738 2416 postulare
757 2327 945 2396 videbatur.
988 2329 1107 2416 Itaque
1128 2329 1256 2400 factum
1279 2343 1346 2415 est,
1367 2347 1407 2397 ut
1428 2329 1518 2419 apud
1540 2329 1623 2397 alios
1646 2327 1791 2418 populos
1816 2338 1950 2393 tantum
2004 2414 2006 2418 ι

168 2429 172 2436 ’
262 2447 300 2512 in
327 2425 541 2519 nominativo
569 2441 749 2530 singularis
776 2444 928 2524 numeri,
965 2444 1056 2533 apud
1084 2446 1232 2511 Graecos
1254 2447 1355 2509 etiam
1381 2446 1419 2508 in
1441 2444 1628 2529 plurativo,
1660 2442 1751 2528 apud
1774 2443 1950 2509 Romanoa

265 2556 411 2642 denique
438 2555 475 2621 in
504 2566 574 2621 toto
603 2555 807 2642 pronomine
836 2556 950 2621 saiva
977 2553 1134 2625 blittera
1152 2580 1216 2646 pro
1237 2558 1391 2642 graviore
1415 2568 1430 2622 t
1450 2557 1560 2621 littera
1582 2555 1807 2643 adoptaretur.
1851 2557 1948 2620 Idem

265 2671 418 2761 Boppius
437 2670 460 2736 1.
475 2667 501 2734 l.
525 2690 558 2756 p.
571 2672 623 2736 ee
639 2692 688 2756 sq.
711 2669 961 2737 nominativum
976 2671 1076 2738 huius
1090 2670 1304 2759 pronominis
1314 2672 1350 2738 in
1361 2667 1485 2759 genere
1498 2671 1683 2738 masculino
1696 2691 1870 2761 nunquam
1884 2673 1949 2750 τός,
2024 2751 2031 2763 .
2048 2763 2051 2769 ῃ

266 2787 325 2856 sed
344 2807 479 2874 semper
499 2788 537 2853 τό
559 2783 679 2871 inisse,
701 2797 737 2853 et
754 2812 772 2852 s
792 2785 962 2869 litteram,
984 2807 1072 2873 quae
1093 2785 1183 2853 etin
1196 2786 1300 2867 latina
1315 2800 1348 2855 et
1361 2788 1396 2854 in
1412 2809 1546 2875 gmeca,
1570 2800 1604 2855 et
1616 2789 1655 2855 in
1670 2789 1843 2871 omnibus,
1864 2808 1950 2876 quae
2040 2808 2044 2820 ⁴

266 2926 345 2972 cum
364 2901 416 2968 his
436 2900 643 2987 cognationis
663 2902 800 2970 vinculo
823 2901 1056 2994 continentur,
1077 2882 1200 2989 linguis
1221 2902 1425 2969 nominativi
1445 2916 1496 2968 est
1518 2906 1671 2991 signnm,
1689 2905 1727 2972 in
1740 2905 1804 2971 boc
1819 2925 1950 2993 prono·
1992 2922 1994 2925 ’

267 3022 363 3088 mine
387 3012 546 3084 deiecisse
570 3019 763 3100 contendit,
790 3037 933 3104 eamque
960 3019 1164 3087 sententiam
1193 3031 1232 3086 ut
1253 3001 1460 3086 demonstret
1482 3032 1581 3106 atque
1601 3023 1816 3109 comprobet,
1840 3018 1950 3086 subti-

267 3134 394 3204 lissima
420 3143 453 3198 et
479 3132 669 3208 acutissima
692 3135 799 3203 utitur
827 3132 1124 3219 argumentatione
1176 3133 1294 3221 Atque
1321 3132 1496 3224 prolecto,
1523 3156 1628 3220 quum
1655 3136 1720 3201 hoc
1746 3133 1951 3223 nominativi
2012 3113 2017 3127 “

220 3281 236 3309 ·.
269 3251 403 3338 signum
430 3246 467 3314 in
496 3245 609 3335 lingua
632 3270 768 3336 gracum
794 3248 947 3338 gothica,
978 3245 1236 3335 anglosaxonica
1265 3263 1300 3321 et
1319 3250 1430 3342 prisca
1449 3261 1615 3316 terrarum
1636 3247 1950 3338 septentrionalium

241 3368 404 3454 -nngua,
434 3361 486 3428 uu
508 3364 612 3452 supra
633 3364 801 3449 snmus,
830 3365 868 3432 tn
896 3363 968 3433 rna
993 3366 1198 3433 nominativi
1228 3365 1329 3451 sats,
1350 3339 1435 3434 ‘eam
1455 3366 1602 3433 niteram
1624 3366 1693 3433 tam
1714 3363 1951 3453 antiquissimis

272 3478 482 3571 temporibus
502 3478 541 3546 in
560 3479 734 3547 nonnullis
754 3479 877 3568 linguis
897 3479 935 3548 in
955 3480 1019 3549 hac
1038 3481 1174 3569 quidem
1195 3481 1307 3550 forma
1323 3504 1393 3552 esse
1414 3483 1580 3567 amissam,
1603 3484 1761 3553 credibile
1780 3493 1839 3550 est.
1884 3479 1951 3548 Sed
2053 3543 2057 3548 ,

208 3685 215 3700 „
272 3619 378 3685 quum
400 3593 519 3662 eadem
538 3593 650 3662 littera
670 3594 784 3665 addita
795 3596 839 3663 ait
852 3597 889 3663 in
902 3595 1018 3684 lingna
1031 3576 1179 3683 zentiea',
1202 3619 1307 3684 quum
1319 3597 1357 3666 in
1371 3599 1487 3686 lingua
1499 3599 1657 3667 sanseritu
1670 3601 1871 3690 plerumque
1882 3612 1953 3680 aaa·
1973 3598 1974 3602 ’
2026 3582 2035 3601 “

272 3736 345 3783 non
357 3734 410 3795 so,
430 3711 571 3796 dicatur,
585 3730 691 3796 quum
698 3711 836 3781 Graecis
849 3711 934 3780 duae
946 3712 1014 3780 sint
1026 3711 1168 3799 formae,
1185 3736 1327 3803 quarum
1340 3714 1529 3803 pleniorem
1543 3714 1579 3793 ὅς
1591 3715 1785 3804 pronomini
1795 3712 1950 3793 relativo,

272 3829 293 3899 d
314 3826 506 3895 breviorem
526 3825 789 3895 demonstrativo
810 3827 1053 3917 attribuerunt,
1082 3851 1187 3917 quum
1209 3830 1353 3920 denique
1371 3830 1518 3924 Romani
1539 3852 1673 3921 quoqne
1693 3840 1727 3898 et
1749 3828 1824 3919 quis
1844 3839 1878 3894 et
1892 3827 1953 3915 qui

276 3944 415 4031 tticum,¹
427 3959 538 4026 neque
557 3941 663 4029 ,cocu
681 3942 772 4034 apud
791 3943 908 4014 Lettoa
926 3969 961 4030 a,
983 3945 1187 4014 nominativi
1208 3946 1323 4034 signo,
1342 3961 1470 4033 careat,
1493 3959 1585 4017 recte
1607 3932 1742 4016 videtur
1760 3945 1825 4012 hoc
1839 3942 1952 4031 colligi

272 4081 389 4152 posse,
418 4055 629 4125 Graecorum
650 4041 923 4144 ,antiquissimam
954 4061 1157 4130 nominativi
1183 4060 1360 4130 masculini
1386 4061 1520 4150 generis
1541 4061 1687 4130 formam
1707 4048 1778 4147 eda,
1804 4083 1875 4128 non
1903 4063 1951 4145 τό,
2012 4101 2017 4107 -

271 4173 385 4261 fiisse
428 4163 644 4242 Noniinaevi
670 4173 762 4242 enim
790 4175 944 4264 signum,
971 4201 990 4244 s
1017 4177 1131 4246 littera
1159 4177 1332 4259 videlicet,
1365 4178 1401 4245 in
1429 4178 1602 4246 nonnullis
1626 4178 1751 4267 linguis
1775 4177 1952 4267 frequente

276 4288 377 4354 huius
397 4288 608 4376 pronominis
625 4310 690 4356 usn
712 4288 876 4357 extritum
903 4301 937 4358 et
959 4289 1106 4359 deletum
1125 4302 1186 4360 est.
1226 4292 1341 4360 Etiam
1361 4293 1451 4382 apud
1470 4293 1645 4367 Romanoa
1665 4293 1742 4383 quis
1761 4297 1898 4382 antiqua
1917 4307 1952 4363 et

276 4403 464 4471 communis
483 4399 593 4473 forma
613 4402 695 4485 fnit,
721 4402 779 4474 aed
798 4429 836 4490 s,
863 4403 1066 4481 nominativi
1088 4408 1186 4499 quod,
1201 4417 1250 4474 est
1268 4398 1421 4495 signum,
1449 4408 1510 4477 ubi
1523 4409 1589 4476 hoc
1608 4414 1752 4480 verbum
1768 4410 1951 4479 relativum

276 4528 349 4604 est,
379 4537 626 4608 nonnunquam
648 4520 770 4606 etiam
802 4518 862 4590 ubi
889 4519 1105 4592 indefinitum
1130 4520 1196 4612 eat,
1220 4518 1366 4614 interiit,
1397 4535 1432 4594 ot
1459 4524 1520 4615 qui
1547 4525 1673 4596 netum
1701 4539 1767 4617 eat,
1794 4527 1951 4618 idemque
