4320 5414
1006 621 1129 716 §.m
1201 612 1236 665 Ψ

313 744 315 748 ’
383 777 443 888 nn
474 766 615 835 assus
647 764 1058 830 ιιιιιιιιιιιιιιιιιιι
1092 765 1141 824 ιιι
1174 761 1360 821 asiaco
1391 761 1548 847 arona
1581 763 1758 858 nanno
1823 759 1825 767 ·

814 864 1092 926 ιιιοιιοιιιιιιι
1122 861 1345 924 merens.

337 1017 442 1086 canus
467 1005 733 1078 instrumentalis
761 1003 852 1092 apud
879 1002 983 1071 Indos
1010 1001 1160 1104 forma'
1147 1025 1188 1070 ιιι
1214 1000 1376 1090 singulari
1407 1021 1553 1068 numero
1580 959 1680 1067 est·
1657 1026 1698 1080 a,
1730 1000 1767 1068 in
1794 1002 1920 1090 plurali

232 1130 292 1200 [ιιι.
335 1131 454 1217 Quum
475 1124 534 1217 qui
558 1126 595 1193 in
615 1125 731 1210 lingua
755 1120 914 1188 sanserita
934 1119 1158 1187 inveniuntur
1176 1122 1291 1204 rorans,
1322 1117 1458 1195 eosdem
1479 1116 1580 1183 etiam
1599 1115 1691 1204 apud
1713 1116 1863 1185 Graecos
1885 1132 1922 1184 et
1999 1164 2013 1183 .

232 1253 406 1319 Romanos
427 1227 552 1312 ultima
565 1218 757 1328 linguarum
778 1236 945 1304 memoria
964 1236 1000 1301 in
1022 1258 1086 1301 usu
1107 1235 1209 1302 fuisse
1229 1234 1391 1318 sciamus,
1413 1231 1602 1298 videndum
1624 1243 1691 1315 eet,
1714 1253 1798 1299 num
1819 1233 1922 1303 etiem

233 1388 328 1434 casus
348 1358 614 1430 instrumentalis
634 1354 774 1442 vestigia
802 1353 838 1419 in
869 1352 940 1430 istis
961 1351 1085 1439 linguis
1106 1352 1339 1442 reperiantur,
1361 1349 1543 1436 eaque,-·si
1563 1359 1744 1436 quaeunt,
1777 1350 1814 1415 in
1835 1371 1922 1438 pro·
2001 1340 2010 1430 s

234 1477 431 1548 nominibus
452 1471 656 1564 quaerenda.
769 1552 775 1563 ,Δ

254 1683 257 1690 Δ
340 1610 377 1697 a)
397 1607 459 1675 Ad
477 1603 660 1691 singularis
675 1600 812 1668 numeri
833 1621 947 1666 ossum
961 1595 1252 1666 instrumentalem
1268 1590 1305 1682 ἦ,
1327 1600 1386 1679 mi,
1407 1593 1488 1678 ὅπη,
1506 1590 1626 1676 πάντη,
1648 1597 1803 1684 amari,
1824 1577 1924 1667 erida-
1953 1610 1956 1614 ’
2040 1660 2043 1668 ,

235 1730 298 1816 μᾶ,
328 1724 455 1813 pedanei
476 1741 576 1790 voees
602 1716 798 1785 referendas
823 1739 894 1783 esse
916 1715 1078 1797 arbitror,
1111 1737 1195 1800 quos
1222 1715 1425 1804 plerumque
1451 1712 1584 1780 dativus
1604 1711 1762 1780 feminini
1780 1716 1924 1800 generis,

193 1913 200 1934 1
234 1845 274 1910 in
302 1842 422 1928 quibus
445 1834 509 1924 ὁδῷ
535 1836 579 1902 sit
603 1833 880 1920 intelligendum,
910 1855 979 1898 esse
1006 1831 1231 1899 crediderunt.
1272 1831 1324 1898 At
1343 1831 1494 1919 primurn
1515 1795 1778 1912 tantum‘abest,
1813 1842 1849 1902 ut
1871 1830 1924 1896 bis

236 1957 352 2026 verbis
374 1953 559 2040 antiquitus
577 1952 649 2017 iota
669 1949 895 2037 subscriptum
919 1946 977 2032 sit,
999 1958 1037 2012 nt
1059 1946 1123 2013 hoc
1144 1952 1185 2016 ab
1208 1949 1250 2014 iis
1269 1946 1419 2015 additum
1439 1945 1501 2030 sit,
1524 1946 1599 2032 qui,
1621 1964 1722 2032 quam
1736 1945 1800 2034 ipsi
1820 1958 1925 2032 puta-

227 2076 321 2140 bant
342 2069 509 2159 originem
538 2066 634 2134 verbi
662 2054 751 2145 esse,
791 2086 852 2153 per
878 2093 891 2131 ι
916 2061 1103 2150 significare
1130 2063 1340 2140 voluerunt.¹
1365 2063 1456 2129 Nam
1477 2062 1671 2128 Euetatbiue
1698 2061 1743 2141 ιιῆ
1770 2053 1833 2129 rino*
1859 2064 1926 2129 τῶν

236 2178 466 2277 reperirem
494 2184 541 2270 aqi
570 2203 583 2246 z
608 2179 711 2246 soribi
738 2190 990 2246 commemoret.
1032 2178 1166 2246 Deinde
1188 2178 1217 2244 si
1242 2174 1305 2265 ὁδῷ
1333 2177 1561 2284 ¹supplendum
1587 2188 1689 2260 esset,
1722 2177 1795 2243 siue
1818 2177 1924 2247 dubio
1993 2240 1995 2245 .

237 2299 302 2388 ὁδῷ
331 2301 504 2367 interdum
531 2296 685 2363 additum
711 2295 897 2381 legeretur,
932 2293 1021 2380 quod
1048 2318 1120 2361 ιιοιι
1149 2293 1199 2359 fit.
1248 2296 1329 2362 Huc
1358 2290 1502 2371 secedit,
1531 2291 1637 2378 quod,
1666 2291 1695 2357 si
1722 2288 1786 2380 ὁδῷ
1814 2290 1924 2377 addis,
2004 2327 2015 2338 -

229 2437 341 2506 ,saepe
369 2414 484 2500 inepte
511 2411 659 2477 efficitur
680 2411 864 2490 sententia,
890 2408 986 2473 verbi
1007 2430 1122 2475 mussa
1142 2409 1179 2473 in
1202 2407 1324 2474 Aesch.
1338 2411 1458 2474 Pr.om
1481 2403 1805 2494 surriperentur
1824 2415 1882 2498 γῆς
1901 2408 1926 2492 ἦ

237 2526 355 2620 μογερὰ
375 2520 584 2612 πεπλάνημαι,
607 2533 641 2590 el
669 2500 745 2591 677
770 2524 815 2602 ari
843 2552 866 2608 μ
895 2548 1006 2608 uranos
1032 2524 1217 2605 rnir'aloeroa
1237 2517 1367 2601 πλάναυ
1403 2522 1502 2589 Adde
1523 2523 1623 2591 etiam
1644 2521 1854 2595 formam'
1813 2548 1926 2611 πανιη,
2020 2524 2028 2547 “

237 2667 393 2738 proque
413 2636 498 2734 asian
519 2640 700 2724 dixissent,
727 2639 756 2705 si
781 2639 938 2706 feminini
966 2639 1097 2727 generis
1124 2640 1202 2706 illae
1226 2638 1358 2705 formae
1382 2636 1535 2706 fuissent.
1577 2640 1658 2711 Hoo
1683 2664 1790 2711 unum
1812 2659 1928 2733 potest

229 2760 387 2850 topponi,
418 2760 520 2824 etiam
549 2755 656 2822 dativi
682 2753 831 2821 formam
858 2747 956 2848 ταύτῃ
994 2769 1094 2843 atque
1129 2756 1231 2822 etiam
1258 2755 1486 2821 accusativum
1516 2753 1674 2824 feminini
1702 2756 1833 2846 generis
1858 2763 1927 2827 boc
1979 2753 1983 2761 ’

236 2873 345 2943 modo
373 2872 546 2975 usurpari,
562 2875 605 2936 ι.
629 2893 658 2937 o.
685 2863 921 2954 μακρᾶνςίιιι
950 2866 1056 2956 quum
1078 2895 1097 2936 e
1118 2853 1235 2937 ceteris
1256 2868 1513 2959 pronominibus
1537 2870 1668 2939 formae
1689 2888 1798 2943 essent
1817 2889 1932 2964 natae,

240 3011 326 3077 quae
354 2988 512 3052 feminini
539 2985 672 3071 generis
700 2985 902 3050 videbantur
931 3007 1019 3066 esse,
1049 2983 1091 3050 ad
1121 2986 1263 3050 eandem
1292 3006 1447 3050 normam
1478 2998 1513 3051 et
1536 2981 1633 3080 ’ταύτῃ
1660 2989 1759 3074 faeile
1786 2992 1935 3061 formari

235 3102 368 3192 potuit.-
403 3094 545 3186 Μαιράν
571 3095 684 3164 antem
711 3099 858 3186 primum
881 3111 932 3166 est
934 3100 1173 3187 adiectivnm,
1202 3123 1274 3179 non
1296 3106 1504 3189 pronomen,
1534 3111 1567 3167 et
1587 3120 1694 3191 quum
1714 3127 1787 3172 vox
1807 3104 1936 3194 μακράν
2025 3166 2028 3173 ,

240 3219 315 3306 ipsa
337 3238 377 3284 eo
398 3212 516 3301 ducat,
538 3228 576 3281 ut
597 3206 671 3282 ὁδόν
690 3213 933 3300 intelligamus,
956 3228 1066 3306 patet,
1089 3237 1190 3301 quam
1211 3214 1309 3282 facile
1331 3216 1439 3282 omitti
1462 3219 1620 3303 potuerit.

348 3343 384 3437 b)
409 3345 538 3411 Eadem
562 3367 657 3412 casus
671 3346 938 3413 matrumentahs
952 3347 1066 3414 forma
1081 3347 1172 3436 apud
1185 3348 1382 3414 Romanos
1371 3370 1482 3427 mea
1505 3370 1593 3454 qua,
1614 3349 1699 3436 dac,
1721 3353 1826 3436 ietac',
1849 3356 1936 3422 illae

112 3489 120 3499 ·
156 3524 159 3529 ,
241 3472 411 3551 superest,
440 3481 524 3561 ques
552 3482 652 3527 voees
675 3461 792 3529 itidem
822 3464 919 3531 multi
941 3464 1225 3553 explicaverunt,
1254 3474 1295 3530 ut
1316 3477 1374 3531 aut
1392 3475 1514 3553 parte,
1546 3477 1604 3531 aut
1624 3466 1684 3532 via
1702 3472 1935 3559 supplendum

242 3599 314 3646 esse
334 3591 522 3657 censerent,
543 3594 737 3663 quanquam
756 3590 916 3646 neutrum
937 3602 1016 3646 oum
1036 3581 1130 3647 vocis
1152 3580 1319 3648 sententie
1325 3581 1504 3687 congruit.
1548 3581 1674 3648 Nam
1662 3605 1699 3647 ιιι
1712 3580 1817 3652 rerba
1834 3609 1938 3654 eom·

159 3720 163 3729 ·
240 3693 351 3784 posita
364 3703 526 3772 eatenus,
549 3704 732 3780 quaterna,
754 3693 980 3784 baepropter‚
1004 3708 1229 3784 quapropter,
1253 3675 1455 3784 praeterea,
1484 3695 1631 3774 interea,
1654 3711 1774 3786 antea,
1794 3716 1932 3789 poetea,

240 3809 403 3891 ‚amidam
423 3807 581 3899 postidea
603 3808 698 3894 (baea
720 3833 763 3876 ex
785 3822 922 3877 anteat
942 3823 1020 3899 post
1039 3812 1358 3901 praepositionibus,
1380 3809 1419 3876 id
1437 3822 1472 3876 et
1496 3795 1537 3876 ea
1555 3816 1742 3901 composita
1761 3828 1853 3901 suut,
1873 3823 1935 3909 uti
2006 3853 2013 3866 ·

243 3923 336 4011 ideo)
362 3946 472 4012 neque
499 3923 604 4012 partis
630 3942 741 4013 neque
761 3927 839 3992 viae
860 3927 956 3994 notio
980 3926 1087 4010 cadit,
1116 3948 1225 4013 neque
1250 3949 1334 3994 vero
1362 3927 1399 3991 in
1419 3927 1592 4017 simplicia.
1639 3930 1691 3997 ef.
1714 3932 1816 3999 Corn.
1840 3909 1936 4025 Nep.

242 4037 331 4106 Mite
347 4044 374 4104 8.
391 4038 634 4130 pontemfeeit
649 4040 686 4105 in
704 4040 826 4105 Histro
834 4041 1000 4132 flumine,
1023 4042 1223 4128 qaa'copias
1238 4040 1441 4114 traduceret.
1484 4043 1553 4113 Cio.
1571 4065 1635 4131 pro
1652 4043 1692 4110 1..
1709 4029 1828 4114 Manil.
1851 4075 1879 4116 o.
1898 4057 1936 4118 9.

12 4158 18 4166 “
91 4137 118 4160 ”
178 4159 180 4165 ’
245 4154 282 4218 ia
304 4153 348 4223 iis
371 4154 470 4232 locis,
494 4178 562 4242 qna
581 4189 625 4205 —-
639 4169 903 4242 persequeretur.
946 4155 1079 4222 Eodem
1102 4158 1203 4243 quasi
1224 4155 1440 4247 referendum
1456 4170 1559 4247 puto,
1584 4163 1673 4248 quod
1691 4163 1844 4250 plerique
1865 4188 1937 4254 pro

190 4322 192 4327 ,
243 4290 348 4357 quam
369 4289 401 4331 ιι
394 4262 550 4336 'dictord
572 4295 643 4338 esse
666 4273 841 4340 credunt.
859 4272 924 4337 Sed
941 4294 1027 4359 quae
1040 4270 1262 4338 Schneiderus
1284 4274 1425 4340 omissae
1446 4297 1483 4339 m
1497 4276 1632 4343 litterae
1646 4280 1804 4368 exempla
1820 4280 1937 4368 affert,

245 4380 550 4465 (Elementarlebre
571 4382 631 4448 der
651 4387 707 4454 lat.
730 4390 805 4475 Spr.
796 4412 855 4476 ..p
871 4385 958 4471 807.)
979 4411 1019 4454 ea
1040 4409 1205 4454 ommam
1222 4389 1286 4452 boo
1301 4389 1445 4456 verbum
1459 4413 1529 4455 non
1542 4394 1686 4478 eadunt
1708 4405 1807 4497 atque
1828 4419 1937 4486 quum

210 4535 213 4541 ·
245 4499 344 4582 quasi
362 4496 528 4587 particula
546 4517 618 4564 ιιοιι
640 4499 843 4587 algendum
864 4494 1127 4589 comparandum
1143 4501 1356 4591 adhibeatur,
1381 4505 1424 4631 ad
1444 4525 1544 4593 quam
1563 4529 1637 4576 rem
1657 4521 1829 4600 tanquam
1847 4535 1935 4603 per·

499 4876 504 4891 .
599 4816 637 4895 0

466 4912 469 4927 7

448 4962 451 4972 ι
