4320 5414
228 344 283 424 50

227 540 493 633 loquente'ierri
508 540 553 610 ad
575 539 784 623 audientem,
804 539 891 629 ungi
909 538 1055 629 denique
1074 562 1186 609 rema
1206 541 1536 630 loquenteadeuur,
1557 548 1914 651 ‹loquerer-moga,

227 656 323 743 sire,
341 669 385 728 ut
399 657 539 730 brevius
563 656 692 741 dimin,
714 654 757 723 sd
778 655 915 722 tertiam
939 654 1023 725 ferri
1048 677 1249 744 porsonam
1278 680 1406 747 eaeque
1424 683 1526 731 nunes
1540 663 1637 735 baud
1657 691 1740 738 raro
1752 697 1820 765 pro
1833 675 1917 767 ipa.

227 771 490 863 pronominibus
509 770 742 865 personalibue
762 781 979 859 usurpantur.
1022 771 1154 859 Lingua
1179 773 1319 859 tagaliea
1343 786 1489 873 quatuor
1509 776 1610 848 babet
1629 789 1834 872 pronomina
1853 791 1920 862 (10.

227 889 473 959 monstrativae
501 887 593 969 disti,
615 885 710 970 dito,
732 883 859 973 dryan,
878 885 980 966 dion,
1000 904 1147 971 qnorum
1166 885 1333 961 idem-:eat
1345 890 1548 967 diminuere
1570 896 1673 991 ,Νοιιι
1691 898 1919 996 ρἰιὴᾱρή.

227 1027 322 1074 mam
345 1023 544 1093 penarum,
571 999 646 1069 dito
666 1000 709 1067 ad
733 1002 873 1069 alterum
895 999 1059 1084 refertur,
1089 1000 1252 1099 dr'ynuet
1263 999 1418 1103 ·d1'rrt=td·
1426 1020 1612 1093 'paronam
1631 1014 1816 1102 ,iva-tem,
1843 1035 1878 1089 οι
1891 1047 1916 1091 ,

228 1118 388 1210 loquente
409 1128 446 1185 et
461 1117 503 1186 ab
522 1115 683 1186 audiente
696 1115 899 1199 seiunctam,
920 1115 1029 1204 diyun
1047 1127 1162 1183 autam
1183 1116 1743 1216 eandemnliqnsnto‘pmpiw,
1760 1106 1918 1202 mons„

223 1235 420 1305 motionem.
464 1231 569 1319 ldque
582 1230 743 1318 longioris
757 1241 793 1297 st
805 1229 969 1298 brevioris
980 1229 1149 1297 intervalli
1163 1229 1341 1299 discrimen
1351 1233 1470 1322 lingua
1480 1236 1649 1330 δίψη,
1668 1264 1772 1323 ω,
1783 1248 1920 1336 ἡμὴ,

224 1350 348 1440 quibus
369 1350 407 1417 in
431 1346 555 1416 Insulis
568 1345 770 1437 Philippiuis
791 1356 950 1430 utuntur,
973 1343 1157 1411 accuratius
1172 1357 1211 1411 'et
1228 1345 1382 1415 subtilius
1395 1348 1531 1429 indicat.
1572 1355 1642 1425 Sex
1656 1359 1748 1428 euim
1762 1385 1803 1430 en
1816 1365 1921 1433 babet
1993 1399 1997 1402 ·

225 1465 433 1559 pronomina
457 1460 736 1543 demonetrativa,
760 1484 779 1528 e
801 1460 922 1547 quibua
944 1459 1025 1528 bina
1042 1457 1085 1526 ud
1100 1457 1249 1546 ningulus
1261 1474 1329 1531 tres
1342 1468 1503 1553 personia
1516 1469 1714 1541 referuntur
1726 1487 1760 1543 et
1769 1475 1822 1543 his
1833 1500 1920 1567 per·

225 1582 321 1650 sonis
340 1603 398 1650 res
418 1580 493 1649 sive
514 1578 691 1673 propiores
708 1576 780 1645 sive
800 1576 974 1662 aliquanto
994 1576 1037 1643 ab
1059 1573 1100 1640 iis
1123 1576 1322 1646 remotiores
1340 1573 1412 1649 esee
1428 1581 1589 1663 indicant.
1630 1587 1917 1678 Apudchium.

228 1716 365 1785 queque
390 1694 500 1779 urbe,
524 1716 572 1761 no
593 1704 628 1765 et
647 1693 711 1759 noi
730 1690 851 1760 eodem
873 1690 976 1756 modo
990 1690 1146 1777 usurpari
1164 1691 1395 1789 Humboldtus
1413 1720 1450 1786 p.
1471 1703 1521 1775 tr,
1542 1714 1674 1786 narrat,
1703 1704 1792 1773 terite
1808 1708 1915 1794 enim,

227 1834 314 1903 quae
335 1809 489 1901 loquenti
504 1821 583 1879 aunt
602 1810 813 1899 propinqua,
834 1805 1021 1892 signifieat,
1043 1827 1107 1889 na,
1130 1825 1217 1891 quae
1236 1808 1405 1895 audienti,
1426 1834 1509 1896 nae,
1531 1796 1917 1904 quaesunt‚remotioin,

220 1928 347 2017 ¹Atque
368 1926 485 2016 lingua
503 1924 658 2015 inpunita
676 1922 847 2012 duplicem
868 1920 1113 2010 pronominum
1131 1920 1475 2001 demonstrativorum
1495 1928 1749 2020 babetueriam,
1775 1936 1917 2019 alteram

230 2041 335 2128 dono,
355 2065 455 2130 sone,
478 2062 564 2128 ano,
586 2028 726 2109 alteram
742 2035 838 2123 lore,
866 2059 960 2122 sore,
980 2058 1051 2120 ere,
1073 2057 1218 2124 quorum
1229 2038 1288 2109 illa
1300 2062 1434 2130 semper
1447 2064 1524 2112 rum
1536 2049 1753 2118 substantivis
1766 2050 1919 2139 ingen-g

229 2170 306 2246 tur,
328 2158 412 2230 baeu
431 2159 506 2226 sine
526 2152 738 2226 substantivo
753 2164 977 2243 usurpentur3
998 2163 1175 2241 praeterea
1188 2158 1382 2224 autemboo
1394 2180 1514 2226 eorum
1527 2175 1577 2231 aar
1590 2161 1788 2252 dieorimeu,
1810 2167 1919 2256 quod,

230 2293 317 2363 quse
338 2296 359 2340 a
375 2271 416 2340 do
436 2272 604 2363 iuuipiuut
620 2268 842 2362 pronomina,
865 2266 906 2337 ad
926 2266 1072 2355 primam
1087 2286 1285 2356 pereum,
1307 2291 1392 2356 quae
1408 2295 1444 2336 eo
1457 2273 1495 2337 in
1508 2274 1620 2362 prima
1633 2279 1760 2365 syllaba
1774 2280 1919 2370 babent,

231 2387 274 2457 ad
296 2386 437 2461 alteram
458 2385 673 2467 referuntun
694 2396 806 2454 uetera
825 2396 939 2452 autem
958 2380 1027 2448 duo
1049 2403 1116 2447 auo
1140 2395 1175 2450 et
1191 2404 1251 2463 ure
1269 2383 1381 2455 lorum
1403 2386 1604 2474 ostendunt,
1625 2392 1861 2481 etaloquente
1873 2409 1913 2464 et

232 2504 275 2572 ab
293 2504 452 2575 audiente
470 2502 672 2573 seiunctum.
716 2499 844 2570 Eadem
862 2497 1004 2584 denique
1025 2496 1062 2564 iu
1083 2497 1197 2584 lingua
1212 2498 1364 2571 armenia
1384 2511 1434 2570 est
1448 2505 1691 2592 pronominum
1701 2509 1917 2594 ‹laruuuatru-⁴

232 2618 383 2693 livorum
397 2619 493 2692 ratio.
535 2619 630 2689 Nam
646 2640 751 2710 quum
766 2617 895 2708 triplex
916 2634 1037 2684 eorum
1051 2611 1095 2682 sit
1110 2613 1214 2680 ordor
1266 2646 1268 2651 ·

647 2757 708 2816 eo,
731 2745 788 2816 tn,
812 2758 871 2816 nce,

648 2851 701 2921 nio
708 2900 722 2932 ,
743 2851 816 2934 nit,
837 2850 911 2932 ain,

647 2966 746 3049 enin,
768 2968 844 3059 tuin
852 3015 865 3049 ,
887 2967 992 3048 nain,

233 3108 352 3159 eorum
367 3087 395 3158 is
410 3098 460 3159 est
475 3107 571 3174 naus,
594 3097 631 3156 ut
646 3107 705 3174 en,
726 3084 799 3175 eis,
819 3084 897 3154 arsin
912 3084 1179 3172 adloquentem,
1201 3092 1259 3166 to,
1280 3081 1350 3165 ait,
1376 3082 1450 3151 usin
1464 3081 1508 3153 ad
1519 3082 1729 3189 audientem,
1748 3107 1812 3172 no,
1834 3089 1912 3176 aeis,
1980 3138 1986 3145 .

233 3205 317 3273 ursin
337 3204 380 3274 ad
399 3226 598 3294 perronam,
619 3229 641 3274 a
661 3206 820 3292 loquente
834 3215 867 3272 et
881 3200 1037 3271 audiente
1051 3199 1271 3281 diriuuotam,
1291 3196 1495 3271 referantur·
1679 3272 1683 3277 .

337 3319 468 3407 Quodsi
487 3342 589 3413 supra
611 3318 797 3390 rationibus
818 3319 957 3410 planum
976 3316 1136 3402 lecimus,
1166 3313 1317 3384 hominis
1336 3313 1486 3384 animum
1509 3338 1552 3383 eo
1571 3313 1673 3404 leni,
1700 3331 1758 3404 ut,
1784 3341 1852 3408 quo
1872 3321 1912 3389 in

233 3432 307 3505 loro
327 3455 380 3503 ror
401 3454 553 3525 quaeque
570 3449 741 3524 versetur,
762 3436 791 3504 ri
805 3434 982 3505 ostendere
995 3435 1094 3517 velit,
1113 3443 1150 3500 et
1167 3429 1351 3519 loquentia,
1371 3443 1404 3499 et
1420 3429 1603 3515 audianus,
1622 3445 1657 3499 et
1671 3434 1761 3519 einr,
1783 3436 1825 3502 de
1839 3457 1911 3521 quo

231 3569 344 3621 serato
366 3548 423 3635 lit,
444 3551 609 3623 tutionem
622 3552 762 3637 babeat,
783 3552 884 3641 idque
903 3550 1029 3620 laetum
1047 3571 1118 3617 esse
1129 3547 1314 3615 multarum
1326 3544 1697 3640 linguarum'examplis
1709 3551 1913 3640 comproba-

233 3676 307 3749 tur,
332 3685 393 3737 rur
409 3666 530 3737 (lraeoi
551 3681 584 3741 et
603 3666 768 3738 Germani
789 3669 893 3737 trium
914 3687 1136 3758 perornatum
1155 3662 1193 3730 in
1204 3662 1463 3752 pronominibus
1475 3661 1742 3731 demonstrativis
1754 3688 1827 3732 non
1844 3664 1913 3732 bu·

235 3778 368 3857 lsuerlttt
392 3783 578 3867 rationem,
607 3785 725 3855 mirari
746 3807 941 3877 possumne,
970 3783 1144 3853 Romanoa
1163 3792 1276 3848 autem
1298 3778 1365 3845 tria
1385 3778 1550 3847 eiusmodi
1565 3780 1769 3869 pronomina
1785 3780 1912 3849 hebere

233 3910 391 3983 wtuuutu
415 3898 632 3971 remmodunu
657 3899 977 3971 matitianum
1019 3900 1112 3968 Nam
1130 3895 1189 3961 lde
1209 3895 1325 3965 locum
1343 3893 1525 3982 signifieat,
1542 3894 1718 3982 loquenti,
1740 3896 1822 3982 s'ete,
1844 3920 1912 3966 au-

234 4002 339 4083 dinoot
360 4014 572 4105 perdelirum,
602 4014 663 4085 itte
677 4016 790 4087 lorum
806 4028 839 4086 et
852 4040 872 4084 a
885 4016 1046 4104 loquente
1059 4023 1093 4081 et
1106 4012 1148 4080 ab
1162 4034 1224 4095 eo,
1243 4032 1389 4098 quonum
1403 4009 1592 4098 loquimur,
1612 4009 1823 4080 disiunctum.
1864 4014 1911 4081 Id

235 4140 423 4213 ulterutram
447 4130 664 4209 tertlutuulie,
686 4131 835 4200 elatiuis
853 4130 1073 4221 aeriptoribus
1090 4127 1220 4218 petitia,
1240 4124 1374 4194 abunde
1389 4124 1831 4215 comprobavithyrarius,
1852 4140 1913 4198 ta-
1957 4176 1962 4180 -

232 4258 311 4311 trtstt
333 4248 370 4309 ul
390 4236 466 4311 lutlr
487 4261 621 4319 sturtrtn
646 4244 868 4335 diequiritieni
891 4271 934 4317 er
956 4246 1051 4314 omni
1070 4256 1166 4336 parte
1183 4240 1388 4309 satisfactum
1408 4263 1482 4311 aare
1496 4241 1668 4322 videnter,
1689 4263 1753 4306 uos
1771 4258 1913 4332 quoquo

233 4376 308 4427 rum
331 4373 428 4426 ιιιιιιιι
450 4354 562 4445 perurit
586 4362 748 4453 eretuplls
769 4366 968 4432 routirrnare
989 4361 1084 4431 iuvat
1104 4371 1206 4450 atque
1229 4359 1407 4425 illuatmn.
1451 4355 1504 4423 Cl'.
1527 4359 1595 4425 Cir.
1617 4359 1659 4424 ed
1673 4357 1768 4426 Fam.
1782 4359 1912 4441 11,·11.

234 4464 438 4548 lbtvusrtvvi
461 4490 613 4567 tritorum
635 4472 787 4545 trrrldeaev
802 4496 919 4569 praese,
941 4488 981 4545 ut
992 4474 1080 4549 mili
1092 4473 1193 4545 verbu
1208 4471 1375 4557 duretur
1399 4493 1503 4559 neure
1519 4472 1635 4543 εοὶιυιι
1652 4473 1668 4541 i
1673 4484 1744 4542 rra
1759 4486 1910 4547 vestra
