4320 5414
1682 395 1686 400 ’
1790 382 1845 464 ιι

149 612 268 682 posse,
283 584 334 657 ‘id
353 588 445 657 infra
462 587 649 656 accuratim
673 586 928 676 explicabimus.
979 584 1096 669 Atque
1118 585 1155 650 in
1180 565 1220 648 iis
1243 584 1383 671 linguis,
1417 584 1460 652 de
1481 583 1604 672 quibus·
1621 585 1675 652 hic
1701 575 1843 673 egimus,

150 707 300 778 maxima
315 708 442 774 horum
455 704 696 792 pronominum
712 726 844 793 parsex
863 726 930 769 una
946 700 1092 787 quadam
1107 699 1228 778 lorma,
1250 711 1413 784 tanquam
1428 726 1447 768 e
1463 703 1585 788 radice,
1607 723 1692 789 quae
1708 700 1842 768 inlotos
1891 729 1896 743 ’
1980 716 1988 724 ’

149 845 271 895 samos
282 822 469 902 excrevit,
477 819 615 909 prodiit.
649 821 755 906 Quae
780 819 825 900 sit
842 819 946 906 igitur
963 818 1028 883 ista
1045 816 1166 900 radix,
1185 835 1299 902 eque
1302 818 1344 882 in
1361 817 1433 884 aliis
1453 817 1591 907 linguis
1598 819 1663 888 elia
1673 817 1846 964 pro'diere

31 1010 35 1023 ,
145 940 370 1075 pronomina,
398 950 562 1003 nostrum
573 934 939 1022 est,nunc1ndagare
1189 960 1192 964 ·
1261 943 1278 964 ’
1683 959 1688 969 ·
1809 944 1841 997 .'t

206 1059 290 1136 ’2)
251 1053 368 1121 2'At
378 1076 414 1119 ιι
398 1052 630 1121 Graecorum
648 1051 851 1140 pronomina
864 1046 1160 1130 ιιιιιιιοιιιιιιιιίιιιε
1140 1077 1177 1134 ο,
1195 1044 1320 1135 tte,
1283 1046 1390 1136 ουτοι,
1403 1050 1454 1137 ‘',1
1475 1053 1591 1135 salvor,
1606 1057 1714 1136 τῆνος,
1717 1054 1768 1120 et
1782 1074 1840 1120 rs-

141 1157 1298 1255 lativaocet1,etindefinilaetinterrogstivatts',1105,KOS,
1319 1175 1423 1253 ΤΟΣ,
1443 1183 1476 1238 ct
1489 1169 1690 1237 Latinorum
1703 1173 1840 1257 prono-t

67 1324 73 1330 ·
144 1286 239 1352 mina
260 1284 333 1385 liic,
361 1285 439 1373 qni,
472 1285 568 1374 quis,
598 1284 713 1352 omnia
734 1307 779 1350 ex
799 1307 869 1350 unc
889 1283 1068 1349 vocabulo
1080 1281 1328 1372 profeciscere
1357 1285 1628 1369 contendimua3
1638 1308 1683 1351 ns
1707 1283 1840 1350 ιοσιιιι·

145 1402 217 1469 bus
230 1403 455 1488 consonisque
469 1402 592 1469 litteris
614 1423 678 1490 pro
700 1392 847 1466 ludibrio
866 1400 1068 1490 permutetis
1085 1412 1118 1466 et
1132 1401 1343 1486 commixtis,
1366 1401 1584 1491 quaecunque
1597 1401 1759 1484 velimus,
1782 1396 1838 1469 fa·
1880 1392 1882 1401 ¹

31 1565 41 1577 s
143 1539 222 1591 cere
244 1524 345 1606 atque
365 1517 564 1586 hallucinari
583 1517 779 1600 videamur,
810 1531 965 1585 accusata
986 1513 1141 1605 profecto
1164 1527 1204 1581 et
1223 1517 1353 1584 subtili
1349 1517 1649 1607 argumentatione
1668 1538 1753 1605 opus
1777 1525 1838 1582 eso
1933 1599 1937 1606 ι

24 1650 28 1657 ·
143 1631 216 1701 Vix
235 1633 331 1699 enim
351 1636 459 1701 verba
477 1634 620 1723 reperiri
637 1634 786 1721 possint,
806 1643 947 1719 quaest
969 1631 1079 1696 forma
1099 1645 1132 1698 ct
1145 1631 1389 1716 significatione
1401 1637 1526 1722 magis,
1552 1654 1653 1722 quam
1668 1655 1727 1716 eu,
1749 1638 1838 1719 quse

141 1747 199 1821 hic
224 1750 519 1833 enumeravimus,
540 1750 631 1818 inter
651 1773 689 1814 se
710 1745 846 1816 differre
866 1746 1055 1814 videantur.
1100 1745 1224 1833 ‘Atque
1241 1747 1305 1812 hoc
1320 1750 1469 1837 primum
1491 1747 1744 1831 concedendum
1763 1766 1836 1812 esse

145 1854 309 1948 arbitror,
335 1865 365 1930 ai
385 1865 484 1954 plura
505 1864 769 1933 demonstrativa
787 1870 836 1930 e'x
856 1885 924 1928 una
942 1861 1056 1927 radice
1070 1871 1145 1927 orta
1165 1885 1237 1928 esse
1257 1863 1423 1952 dicamus,
1452 1867 1487 1933 id
1503 1889 1565 1955 per
1584 1887 1620 1930 se
1640 1864 1837 1949 linguarum·

141 1977 267 2065 origini
288 1989 387 2066 etque
410 1989 552 2045 naturae
574 2003 645 2047 non
669 2001 870 2067 repugnare.
914 1977 1007 2044 Nem
1029 1997 1134 2062 quum
1154 1977 1351 2062 aliquandiu
1366 1981 1434 2048 una
1447 1981 1547 2046 radix
1564 1980 1606 2045 sd
1620 2002 1673 2045 res
1688 1981 1836 2045 demon·.
1857 2019 1865 2034 κ

24 2096 34 2104 ’
142 2093 298 2162 strandoe
319 2093 527 2180 suffecisset,
550 2118 594 2163 ex
614 2095 677 2161 hac
694 2095 767 2161 ιοιι
789 2092 964 2181 deinceps,
986 2091 1089 2170 variis
1111 2092 1306 2164 notionibus
1321 2097 1574 2182 accedentibus,
1596 2108 1727 2181 cetera,
1747 2115 1834 2180 quae

142 2208 332 2296 necessario
353 2209 559 2289 videbantur
578 2226 671 2298 esse',
692 2209 899 2299 pronomina
919 2205 1063 2274 formari
1083 2177 1273 2297 cireperunt.
1316 2210 1452 2279 Deinde
1468 2233 1535 2298 quo
1550 2210 1681 2278 facilius
1694 2221 1834 2278 senten·

139 2324 221 2393 tiatn
236 2338 387 2401 nostram
400 2327 583 2418 probemus
597 2339 631 2395 et
646 2325 865 2417 stabiliamus,
887 2322 965 2405 hoc,
984 2345 1197 2412 quaesumus,
1210 2326 1333 2408 ¹animo
1348 2340 1462 2396 vestro
1476 2327 1648 2417 reputetis,
1668 2324 1840 2414 quemad-2

138 2443 282 2515 modum
300 2432 410 2516 ‘multa
435 2444 541 2513 verbu
561 2443 678 2512 native
697 2439 904 2522 interierint,
935 2438 1017 2502 dum
1040 2438 1194 2507 derivata
1217 2441 1322 2504 verba
1342 2460 1405 2505 usu
1424 2463 1463 2504 ac
1484 2443 1728 2514 consuetudine
1748 2442 1840 2510 rell-t

138 2571 289 2635 ncentur·
305 2572 340 2626 et
358 2563 619 2640 conserventur,
640 2555 688 2621 sic
709 2553 810 2623 ettam
824 2551 970 2637 singulas
985 2551 1130 2632 litteras,
1151 2572 1234 2637 quas
1246 2553 1424 2636 antiquitas
1437 2556 1592 2641 noverit,
1612 2559 1759 2645 potuisse
1774 2560 1833 2623 in-

139 2671 323 2757 tercidere,
354 2673 436 2742 dum
458 2695 516 2741 eae
534 2674 685 2758 litterae,
709 2690 795 2755 quae
817 2687 934 2734 earum
955 2666 992 2731 in
1012 2667 1125 2746 locum
1145 2666 1386 2751 successerint,
1409 2671 1607 2759 superstites
1621 2673 1697 2741 sint.
1740 2675 1834 2741 Num
1942 2748 1948 2756 ,

138 2787 359 2857 vehementer
377 2804 520 2877 erraret,
549 2799 583 2856 et
606 2785 747 2856 rationis
763 2806 803 2851 ac
822 2782 916 2868 viae,
944 2803 1010 2869 qua
1024 2782 1160 2867 linguae
1177 2781 1349 2867 oriantur,
1368 2782 1561 2854 formentur
1574 2799 1607 2853 et
1619 2791 1852 2878 excolentem-r

87 2891 89 2895 ⁸
139 2903 240 2992 plane
261 2905 399 2992 ignarus
419 2916 523 2994 esset,
555 2905 615 2995 qui
636 2925 754 2972 omues
775 2899 940 2990 populos,
961 2898 1019 2985 qui
1035 2908 1070 2964 et
1087 2908 1165 2967 ante
1180 2919 1242 2964 nos
1257 2896 1432 2969 fueriutet
1445 2915 1561 2973 nostra
1573 2915 1683 2971 aetate
1696 2906 1840 2990 vivente.

138 3042 277 3109 seraper
292 3022 428 3091 eosdem
445 3022 616 3101 vocalium
636 3038 929 3105 conuenarumque
950 3015 1137 3087 litterarum
1160 3037 1262 3085 sonos
1279 3016 1407 3088 ,habere
1421 3033 1568 3108 putaret.
1609 2999 1721 3090 Immo
1735 3023 1839 3121 litt07

137 3159 199 3204 rae
219 3135 306 3206 aliae
320 3160 425 3224 quum
439 3139 519 3213 ,aliia
534 3137 666 3207 facilius
678 3135 961 3228 pronuntientur,
984 3134 1157 3204 interdum
1173 3133 1384 3224 factumest,
1405 3151 1462 3225 ut,
1482 3160 1566 3226 quas
1580 3139 1707 3213 litteras
1720 3139 1836 3215 ιιιιιιιι-ι

137 3275 194 3319 res
221 3251 424 3327 invenerant
451 3267 487 3323 et
514 3263 735 3344 usurparent,
764 3251 899 3320 easdem
925 3262 1067 3342 propter
1095 3255 1163 3320 oris
1186 3254 1353 3343 quandam
1373 3254 1682 3323 incommoditatem
1702 3252 1830 3345 posteri

64 3419 67 3423 ·
136 3369 376 3458 repudiarent,
399 3371 486 3439 etin
502 3369 747 3439 carumlocum
762 3369 863 3454 alies,
885 3391 1006 3455 easque
1021 3368 1150 3437 facilius
1162 3371 1449 3463 pronuntiandus,
1467 3375 1717 3463 substituerent·
1755 3374 1841 3442 At·-

137 3507 204 3578 que
228 3487 301 3555 eius
320 3483 414 3559 mtdi
431 3487 602 3572 litteram,
623 3485 810 3573 antiquitus
832 3484 970 3573 quidem
990 3486 1164 3570 usitatam,
1188 3511 1208 3554 ιι
1227 3488 1370 3577 posteris
1384 3510 1470 3556 vero
1484 3489 1670 3576 neglectam
1684 3501 1717 3557 et
1729 3492 1828 3557 vario

136 3601 241 3671 ruodo
271 3603 502 3690 immutatum,
538 3604 578 3671 in
601 3600 859 3706 demonstrativi
886 3602 1099 3691 pronominis
1123 3603 1238 3672 radice
1257 3602 1360 3671 fuisse
1383 3604 1538 3691 equidem
1559 3604 1718 3673 arbitror.
1760 3604 1839 3677 Ad.

30 3729 39 3741 ”
86 3782 97 3802 ,
134 3739 243 3808 quam.
264 3720 412 3796 litteram
431 3719 655 3808 indagandam
676 3730 711 3785 et
730 3717 996 3805 cognoscendam
1019 3719 1111 3786 nam
1133 3720 1242 3808 aperit
1263 3731 1364 3809 atque
1384 3722 1496 3788 munit
1516 3722 1631 3809 lingua
1652 3722 1824 3811 sanserita,
1873 3713 1879 3720 ’

137 3857 226 3923 quae
247 3858 326 3907 oum
355 3835 488 3910 in'aliis
507 3835 620 3905 verbis
641 3834 952 3923 antiquissimorum
972 3856 1136 3901 sonorum
1157 3836 1409 3925 verborumque
1437 3834 1642 3905 tenacissima
1662 3838 1724 3926 sit,
1751 3851 1858 3907 tum·¹

138 3949 221 4019 huic
241 3974 375 4042 quoque
388 3963 523 4019 nostrae
537 3950 762 4041 disquisitioni
777 3962 941 4019 vetustate
953 3951 1117 4018 sermonis
1131 3951 1184 4018 sui
1201 3954 1410 4040 aliquantum
1423 3954 1508 4020 lucis
1522 3954 1677 4023 offundit.

225 4068 263 4160 o)
284 4069 363 4145 Indi
383 4067 475 4135 enim
498 4067 623 4137 habent
639 4069 786 4134 litteram
803 4067 991 4155 quandam,
1014 4091 1119 4156 quae,
1140 4082 1179 4135 ut
1190 4069 1298 4155 Angli
1313 4069 1411 4135 nobis
1424 4068 1594 4156 referunt,
1616 4072 1827 4164 liugua'inde

61 4216 69 4225 -
130 4160 160 4255 Δι
177 4176 290 4276 palato
312 4184 355 4253 ad
369 4183 486 4252 dentes
497 4204 605 4270 usque
620 4182 754 4251 admota
768 4183 1008 4269 pronuntiatur
1025 4196 1059 4251 et
1075 4182 1147 4248 sets
1160 4174 1267 4250 sonat.
1309 4185 1429 4268 Hunc,
1450 4185 1522 4254 sive
1536 4187 1635 4274 eliam
1650 4189 1825 4283 huicsono
1935 4203 1938 4211 '

127 4301 238 4392 ,vuldo
257 4300 422 4386 similem,
443 4300 591 4369 litteram
613 4296 853 4387 antiquissimis
875 4298 1083 4386 temporibus
1102 4300 1140 4405 in
1160 4299 1392 4387 pronominis,
1415 4321 1481 4388 quo
1502 4302 1545 4369 de
1558 4304 1703 4392 agimus,
1726 4307 1845 4394 prim
1874 4397 1875 4400 Ἴ
1952 4334 1957 4343 ⁴

138 4414 231 4509 cipio
250 4415 370 4503 fuisse,
391 4415 475 4485 mihi
493 4435 691 4506 persuasum
714 4429 773 4484 eet.
816 4412 884 4480 Sed
906 4420 1010 4502 quum
1023 4415 1081 4484 illa
1093 4416 1204 4483 littero
1219 4429 1360 4506 propter
1373 4416 1445 4484 eiua
1458 4419 1621 4488 ambitum
1635 4442 1674 4486 ac
1688 4422 1827 4491 vestita·

138 4547 210 4615 tom
229 4530 433 4623 displiceret,
453 4533 607 4622 singulus
620 4533 697 4603 illos
710 4531 883 4622 nationes,
904 4531 1024 4620 quibus
1038 4543 1178 4624 propter
1191 4554 1408 4606 communem
1420 4534 1587 4625 originem
1599 4535 1681 4606 hece
1693 4555 1827 4629 qnoque
1856 4609 1860 4624 ,

2045 3000 2054 3066 i
2132 3071 2134 3075 ,
