4320 5414
943 662 949 667 .
1112 598 1146 677 ς.
1180 589 1220 663 2.

907 720 1164 788 PRONOMEN
1197 725 1312 799 Qtnn
1344 726 1426 782 s1r.

430 873 641 959 Pronomen,
668 894 687 937 s
708 888 826 956 graeca
851 888 937 932 voco
963 865 1138 953 ἀντωνυμία
1158 890 1378 951 conversum,
1417 874 1467 930 est
1481 864 1632 932 'verbnm
1653 891 1715 956 pro
1741 872 1879 938 nomine
1901 846 2014 962 aliquo

328 999 540 1079 usurpatum.
583 986 734 1054 Nomina
755 993 869 1049 autem
892 1002 996 1068 quum
1017 993 1076 1048 aut
1094 983 1303 1050 substantiva
1320 983 1387 1047 sint
1400 993 1457 1048 aut
1471 982 1653 1067 adiectiva‚
1675 987 1879 1072 pronomina
1891 989 1964 1078 ipsa
1975 991 2014 1056 in
2118 1030 2125 1041 ·

327 1103 534 1196 pronomina
555 1102 764 1170 substantiva
784 1110 817 1165 et
838 1097 1002 1166 adiectiva
1022 1099 1270 1166 discernuntur.
1312 1100 1485 1165 Numerus
1506 1097 1641 1184 quidem
1663 1102 1908 1187 pronominum
1929 1105 2014 1171 alius

267 1240 283 1249 ·
303 1264 306 1269 -
327 1219 366 1287 in
379 1219 451 1287 aliis
464 1218 590 1306 linguis
606 1230 657 1285 est
673 1217 804 1303 aliaque
817 1214 906 1304 apud
920 1217 1002 1282 alios
1017 1216 1181 1282 vocabula
1193 1214 1453 1304 pronominibus
1464 1215 1748 1297 adnumerantur3
1770 1216 1803 1280 id
1821 1215 1911 1302 quod
1927 1239 2014 1306 pro-

324 1332 415 1402 fecto
437 1335 562 1401 mirum
584 1346 643 1400 est
687 1335 780 1400 Nam
800 1354 905 1419 quum
928 1356 947 1398 e
966 1332 1180 1422 pronominis
1203 1330 1400 1396 delinitione
1423 1329 1691 1416 cognoscendum
1709 1344 1742 1397 et
1762 1310 2015 1400 diiudicandum

326 1450 389 1531 sit,
411 1470 577 1535 quaenam
596 1449 702 1515 verba
720 1447 809 1513 inter
829 1447 1035 1537 pronomina
1053 1447 1122 1514 sint
1137 1445 1335 1530 referenda,
1359 1445 1422 1510 hoc
1443 1445 1652 1532 grammatici
1671 1446 1784 1512 minus
1799 1463 2018 1532 curaverunt,¹

326 1564 389 1630 sed
411 1587 450 1630 ea
464 1565 644 1648 vocabula,
670 1585 754 1650 quaa
769 1561 1156 1650 singnnemquandam
1171 1560 1431 1627 declinationem
1448 1560 1618 1644 haberent,
1641 1562 1678 1626 in
1693 1550 1934 1649 pronominum
1948 1586 2019 1641 nrt-2

293 1729 307 1748 2
329 1703 464 1751 merum
485 1679 687 1746 retulerunt.
730 1679 785 1744 De
801 1679 930 1765 graecis
951 1677 1087 1764 quidem
1108 1677 1333 1762 grammaticis
1355 1700 1455 1743 nemo
1472 1698 1580 1763 neque
1595 1661 1663 1759 sic,
1684 1700 1792 1764 neque
1809 1685 1886 1761 πᾶς,
1905 1698 2017 1763 neque

327 1799 433 1882 μόνος,
455 1817 566 1882 nequa
579 1794 652 1870 ὅλος
665 1793 701 1858 in
716 1791 960 1882 pronominum
973 1813 1116 1857 numero
1131 1793 1294 1880 reposuit,
1316 1816 1421 1879 quum
1431 1792 1577 1858 Romani
1590 1815 1690 1875 unus,
1705 1802 1737 1856 et
1751 1804 1853 1870 totus,
1877 1806 1911 1859 et
1926 1793 2019 1859 solus

328 1912 367 1978 in
394 1908 654 1999 pronominibus
681 1907 837 1973 habeant.
881 1906 1079 1989 Eorumque
1109 1908 1292 1971 verborum
1323 1929 1485 1970 numerus
1513 1907 1668 1990 inprimis
1693 1928 1833 1991 magnus
1854 1921 1903 1974 est
1925 1908 2017 1994 apud

328 2025 451 2108 Indos,
482 2023 540 2112 qui
559 2045 696 2107 sareas,
727 2020 860 2103 vipoun,
888 2039 1021 2101 samos,
1050 2017 1173 2101 simtu,
1203 2019 1332 2102 omnis,
1364 2031 1454 2085 totus
1461 2044 1472 2100 3
1500 2041 1658 2103 normas,
1689 2017 1873 2100 dimidium
1903 2022 2019 2110 absos,

324 2139 487 2229 paullua3
514 2135 634 2222 aedos,
663 2158 771 2216 unus3
799 2129 1019 2216 doksclzinas,
1051 2130 1184 2212 dexter3
1214 2154 1363 2218 parvas,
1391 2134 1560 2217 asterium
1581 2133 1741 2215 atharus,
1763 2135 1928 2224 inferior3
1948 2159 2019 2207 anf

331 2267 444 2336 taras,
482 2253 645 2330 exterior3
672 2273 815 2333 avaros,
838 2247 1028 2336 posterior3
1056 2255 1207 2330 ulturos,
1234 2248 1406 2335 superior3
1437 2248 1567 2333 aliaque
1589 2249 1693 2313 verba
1716 2251 1752 2314 in
1772 2253 2017 2339 pronominum

330 2388 513 2436 numerum
540 2356 800 2454 adscripserunt.
844 2364 966 2447 Neque
987 2371 1103 2426 tamen
1122 2360 1157 2424 hi
1176 2363 1293 2450 populi
1314 2376 1443 2429 temere
1465 2373 1566 2449 atque
1588 2365 1835 2432 inconsiderate
1857 2368 1894 2433 in
1915 2390 1954 2435 ea
1977 2391 2017 2434 re

331 2481 458 2551 versati
476 2491 572 2564 sunt,
598 2500 711 2567 neque
733 2476 879 2544 fortuitu
900 2475 966 2543 alia
986 2475 1092 2540 verba
1107 2478 1198 2541 inter
1211 2478 1415 2564 pronomina
1429 2477 1662 2563 adsciverunt,
1683 2482 1748 2548 alia
1762 2505 1880 2548 sorum
1895 2506 2020 2556 numen

331 2620 378 2665 ro·
393 2605 613 2676 exemerunt3
639 2593 701 2661 sed
718 2592 805 2660 ratio
826 2613 866 2658 ao
888 2591 946 2658 lex
967 2589 1131 2675 quaedam
1145 2591 1268 2673 valuit,
1289 2613 1478 2680 quanquam
1494 2593 1618 2679 singuli
1631 2597 1749 2683 populi
1764 2597 1801 2662 in
1816 2620 1856 2662 ea
1870 2598 1932 2664 arbi
1945 2623 2017 2666 non

332 2712 563 2780 comtiternnt.
606 2711 697 2776 Nam
717 2709 746 2774 si
761 2708 819 2774 illa
836 2707 958 2785 verba,
989 2726 1076 2791 qnae
1094 2708 1298 2793 pronomina
1318 2707 1353 2774 in
1366 2708 1504 2793 singulis
1522 2709 1644 2794 linguis
1661 2723 1842 2794 vocantur,
1864 2716 2018 2781 conside·

331 2849 464 2911 minus,
491 2827 585 2893 nulla
602 2826 642 2896 in
662 2846 780 2891 eornm
800 2841 984 2887 nnmerum
1009 2819 1115 2886 relata
1136 2844 1205 2888 esse
1225 2822 1399 2904 videmus,
1421 2824 1488 2888 nisi
1509 2847 1595 2910 qnae
1615 2836 1673 2892 aut
1687 2834 1868 2914 personam
1885 2830 2016 2917 signifi-

333 2955 411 3009 cent
440 2951 498 3008 aut
522 2912 775 3006 demonstrandi
802 2936 874 3002 vim
900 2936 1061 3018 habeant,
1091 2946 1149 3001 ant
1166 2936 1335 3019 indicent,
1365 2961 1451 3024 quae
1473 2940 1510 3003 in
1531 2941 1699 3023 aliquare
1722 2956 1779 3008 ant
1801 2947 1933 3011 numeri
1956 2958 2016 3012 ant
2094 2911 2098 2923 Ι

333 3054 572 3142 magnitudinis
592 3064 650 3120 aut
663 3052 813 3141 partium
829 3050 1035 3136 singularum
1057 3049 1253 3117 omniumve
1268 3062 1330 3117 aut
1341 3061 1498 3117 externae
1511 3053 1708 3120 internaeve
1722 3058 1830 3142 specie
1846 3070 1903 3123 aut
1917 3059 2016 3125 deni-

334 3190 400 3258 que
421 3168 637 3258 possessionis
657 3167 744 3234 ratio
767 3166 822 3232 sit.
865 3164 1050 3252 Singularis
1070 3179 1183 3233 autem
1205 3167 1262 3232 illa
1283 3167 1524 3255 pronominum
1546 3168 1723 3234 declinatio
1743 3171 1789 3236 ita
1805 3182 1853 3235 est
1866 3185 1955 3255 orta,
1977 3186 2015 3239 ut

335 3285 374 3350 in
403 3284 455 3349 his
482 3285 595 3352 verbis
620 3282 867 3368 antiquissimae
894 3301 1030 3347 casuum
1061 3279 1193 3348 formae
1228 3280 1473 3364 retinerentur,
1501 3305 1606 3370 quum
1628 3298 1818 3354 ceterorum
1840 3288 2019 3356 nominum

335 3399 513 3468 declinatio
528 3421 591 3466 usu
608 3408 814 3466 attereretur·
823 3408 858 3464 et
871 3395 1122 3464 immutaretur.

1121 3641 1156 3725 t.
1189 3637 1228 3709 5.

750 3771 814 3828 nr·
843 3772 1200 3833 oaononmraus
1234 3773 1597 3837 raasonsnrans.

385 3961 388 3965 ψ
441 3915 538 4001 Quae
557 3921 725 3978 vocantur
746 3912 952 3999 pronomina
972 3913 1179 4001 personalia,
1201 3937 1243 3980 ea
1260 3912 1354 3979 hand¹
1372 3916 1440 3982 seio
1460 3939 1504 3982 an
1520 3917 1644 3982 restim
1663 3921 1803 3984 ronu'na
1815 3915 2012 4005 personalia

335 4039 508 4098 vocentur.
550 4028 642 4095 Nam
663 4027 831 4114 quomodo
855 4027 958 4094 trium
974 4050 1195 4117 personarum
1209 4029 1304 4094 notio
1319 4028 1466 4114 oriatur,
1488 4033 1546 4098 ubi
1563 4038 1788 4120 reputaveris,
1813 4033 2013 4120 pronomina

332 4137 406 4213 non
422 4141 506 4208 satis
521 4154 610 4208 recte
631 4165 673 4209 ea
693 4142 883 4232 nuncupari
906 4143 1046 4210 videbis.
1089 4145 1207 4211 Homo
1223 4144 1314 4210 enim
1323 4192 1334 4229 ,
1357 4144 1569 4231 simulatque
1585 4171 1638 4213 res
1653 4152 1798 4236 singulas
1811 4148 2012 4232 distinguere

333 4259 466 4348 incipit,
491 4266 525 4322 et
543 4255 701 4342 imagines
718 4280 819 4344 vagas
841 4270 876 4324 et
889 4259 1050 4345 incertas,
1074 4283 1160 4348 quae
1179 4259 1289 4326 menti·
1304 4282 1386 4328 suae
1406 4261 1645 4347 obversantur,
1672 4287 1731 4329 ore
1746 4277 1779 4330 et
1795 4284 1878 4327 rore
1892 4262 2012 4329 efferre
2121 4275 2130 4281 ’

332 4388 365 4442 et
383 4377 496 4462 lingua
516 4371 713 4438 adumbrare
734 4386 891 4456 conatur,
915 4399 984 4442 non
1005 4387 1132 4462 potest,
1154 4376 1237 4462 quin
1254 4377 1402 4464 primum
1421 4399 1457 4442 ss
1475 4377 1586 4466 ipsum
1602 4390 1745 4443 ecetero
1763 4400 1875 4442 rerum
1893 4378 2011 4445 ordine

334 4491 470 4578 eximat,
490 4489 628 4580 ipseque
642 4486 814 4574 cogitantis
830 4489 1062 4580 loquerisque
1073 4503 1187 4583 partos
1199 4513 1239 4561 ao
1249 4512 1429 4592 personam
1444 4490 1576 4562 mittat
1601 4493 1736 4562 Deinde
1750 4495 1888 4562 alterum
1903 4515 2014 4580 quene-
