4320 5414
1848 229 1899 321 s
1917 242 1923 256 .

242 353 293 433 66

244 542 392 623 eluerit,
423 539 460 607 C.
487 538 667 617 Coccum
689 532 825 602 ἅιζιιζιιι.
845 567 890 595 .-·
933 530 1148 616 Quisnam
1168 529 1339 598 minorem
1353 527 1467 600 animi
1485 532 1752 613 commotionem
1774 535 1931 620 ostendit,

246 681 350 746 quem
368 655 481 746 ecquis
501 654 540 723 in
560 650 796 739 interrogando
816 645 999 738 significet,
1019 661 1125 735 quum
1146 670 1228 714 num
1243 647 1561 738 particulatantum
1574 669 1722 718 mursam
1737 673 1813 719 esse
1824 663 1857 719 et
1869 674 1930 719 rae
1964 693 1970 703 .

244 775 387 862 tionem,
409 795 472 842 our
484 791 694 860 quaeremus,
716 765 852 834 indicet.
885 765 994 832 Plaut.
1008 763 1108 833 Trin.
1115 765 1161 851 V,
1174 769 1207 848 2,
1220 764 1274 831 bb.
1290 762 1476 831 Gntciutur
1489 785 1548 830 cor
1559 763 1647 837 mibi
1659 776 1692 832 et
1705 779 1831 834 metuo.
1874 766 1933 834 cc
2011 767 2024 801 ⁸

248 889 472 976 Quidnam
492 888 531 956 id
549 887 624 955 eu?
668 885 770 952 Oorn.
796 883 887 973 Nep.
913 880 1078 949 Themist.
1099 886 1172 947 cz
1201 880 1372 948 Miserunt
1391 877 1547 968 Delphos
1565 879 1771 962 comatum,
1797 880 1934 969 quid-

249 1030 346 1075 nam
370 1005 527 1097 facerent
556 1000 598 1067 de
625 997 722 1068 rebus
742 999 823 1066 suis.
866 999 989 1085 Neque
1010 1021 1092 1064 nom
1111 1019 1189 1064 cum
1210 995 1284 1085 quie
1302 995 1340 1061 in
1360 1016 1470 1063 unum
1491 996 1772 1081 verbum'coiiat,
1798 1018 1933 1063 ιιιιιιιι

129 1119 130 1123 “
228 1136 308 1192 ιιι.
356 1121 493 1189 Plautus
527 1118 620 1184 enim
649 1136 749 1203 saepe
783 1137 866 1182 uum
897 1115 940 1182 ab
968 1113 1212 1201 interrogativo
1241 1108 1417 1200 disiungit,
1450 1111 1609 1197 idemque
1638 1111 1757 1179 Cicero
1789 1107 1869 1178 iacit
1895 1110 1935 1175 in

160 1227 165 1231 ’
242 1259 406 1316 ιιιιιιοιιι
431 1232 601 1301 familiari.
645 1230 699 1300 cf.
720 1230 762 1298 ed
783 1232 879 1299 Brut.
900 1235 931 1296 2.
960 1229 1117 1317 Quinque
1147 1236 1263 1296 auton
1290 1224 1482 1294 cohortibus
1504 1225 1615 1315 quid
1640 1248 1676 1293 ee
1696 1249 1792 1294 num
1806 1225 1936 1317 suctu·

189 1335 193 1348 ¹
249 1375 329 1421 rum
348 1348 549 1420 arbitratur.
593 1348 707 1436 Quid,
730 1347 846 1434 quod?
874 1368 956 1412 nom
975 1344 1077 1411 etiam
1098 1342 1321 1435 praeponitur
1341 1341 1739 1430 virg.ceorg.1v,tto.

232 1434 239 1444 ¹
563 1466 670 1532 Nem
697 1462 793 1551 quis
821 1474 871 1545 te,
898 1462 1063 1529 iuvenum
1091 1458 1394 1545 confidentissime,
1426 1469 1557 1525 nostros

543 1579 664 1645 'lussit
685 1579 778 1646 adire
800 1577 928 1644 domos.
1571 1662 1577 1676 „
1792 1654 1796 1663 Ι

252 1697 418 1788 Nuuquis
451 1719 472 1763 e
505 1717 588 1760 uum
620 1691 851 1779 interrogandi
877 1692 1045 1781 particule
1072 1687 1315 1780 compositum,
1347 1677 1454 1774 quere
1481 1711 1552 1757 non
1576 1688 1693 1785 ipepte
1719 1686 1939 1772 contendunt,
1998 1701 2001 1707 '
2028 1752 2031 1756 .

116 1806 127 1823 ’
229 1806 329 1904 'quia
350 1835 391 1880 eo
413 1810 450 1877 in
476 1808 641 1888 vocabulo
666 1829 862 1897 pronomen
881 1829 952 1874 esse
972 1794 1217 1888 indefinitum,
1235 1816 1269 1873 et
1288 1805 1353 1870 hoc
1373 1805 1480 1871 verbo
1504 1807 1554 1870 uti
1574 1826 1671 1888 eum,
1696 1802 1756 1891 qui
1777 1803 1940 1870 dubitan-

251 1924 307 1995 ter
326 1938 485 2014 quaeret,
507 1923 649 2011 quiqu'e,
671 1944 755 1989 num
776 1943 849 2047 rea,
882 1923 925 1987 de
939 1943 1006 2008 qua
1021 1918 1145 1987 certior
1159 1918 1234 1986 fiori
1247 1920 1377 2010 cupiat,
1397 1918 1436 1985 in
1451 1919 1649 1986 universum
1663 1919 1792 1986 itureae
1806 1918 1939 2002 babeat,

255 2041 347 2133 opud
373 2039 527 2107 animum
556 2059 658 2102 suum
684 2030 848 2126 reputet.
884 2036 976 2102 Nam
1005 2035 1091 2119 Quis
1117 2033 1263 2124 adsuit?
1292 2034 1352 2125 qui
1379 2032 1580 2118 sciscitatur,
1618 2034 1648 2100 is
1676 2034 1755 2120 scit,
1786 2031 1941 2100 adfuisse

254 2158 421 2244 aliquem,
456 2153 514 2239 qui
541 2175 625 2219 vero
646 2149 810 2240 Nuuquis
830 2149 977 2311 adsuit?
1002 2150 1154 2284 quaerit,
1179 2149 1228 2236 is,
1256 2161 1373 2217 utrum
1396 2148 1582 2239 quispiam,
1608 2171 1670 2216 neo
1690 2172 1754 2235 ne,
1780 2145 1941 2229 adiuerit,

237 2270 407 2356 ¹ambigit.

361 2378 605 2466 >Quomodo
634 2401 654 2444 e
683 2380 758 2468 qui,
793 2380 996 2468 pronomine
1022 2380 1185 2462 relativo,
1214 2379 1368 2469 quisquis
1397 2380 1575 2471 discrepet,
1603 2379 1656 2446 id
1652 2401 1769 2469 supra
1794 2391 1845 2446 est
1872 2402 1941 2446 ex·

256 2497 416 2591 positum.
456 2495 489 2560 E
511 2491 715 2582 pronomine
742 2493 885 2562 relativo
905 2508 1079 2584 praeterea
1100 2496 1303 2584 quicunque,
1332 2497 1442 2584 quiuis
1460 2509 1494 2564 et
1514 2492 1653 2583 quilibet
1674 2495 1849 2576 oriunturc
1880 2491 1942 2561 sed

254 2612 365 2703 quivis
385 2595 420 2681 et
439 2603 582 2699 quilibet
602 2607 762 2695 quoniam
784 2609 920 2678 relativi
936 2597 1066 2678 exuunt
1088 2622 1245 2678 naturam
1266 2621 1300 2677 et
1312 2613 1355 2678 ed
1371 2596 1539 2680 indefiniti
1551 2608 1831 2698 significationem
1845 2631 1942 2679 acce-

120 2811 126 2823 l
254 2728 358 2813 dunt,
382 2724 427 2816 do'
445 2724 487 2792 iis
509 2725 575 2792 alio
599 2722 674 2789 loco
696 2722 788 2791 infru
817 2736 943 2811 agetur.
988 2726 1189 2815 Quicunque
1211 2726 1384 2817 copiosius
1397 2732 1428 2811 §.
1441 2733 1495 2795 27.
1518 2726 1750 2816 explicabitur.

360 2839 396 2919 l)
415 2839 519 2923 ,Quia
554 2840 745 2927 pronomen
778 2838 1013 2922 indefinitum,
1051 2840 1141 2928 quod
1177 2841 1225 2908 in>
1245 2842 1443 2911 universnm
1471 2843 1618 2910 hominis
1647 2842 1740 2909 reive
1765 2841 1944 2938 notionem

257 2964 374 3023 ruente
397 2965 597 3042 conceptam
618 2952 799 3039 significat,
832 2954 897 3018 late
922 2967 1023 3040 patet.
1067 2955 1196 3022 Idcirco
1217 2957 1489 3026 Romanilrnlus
1511 2958 1722 3046 pronominis
1738 2970 1945 3048 potestatem

86 3084 92 3091 “
120 3090 122 3095 ·
261 3069 450 3154 augmentis
472 3067 690 3153 quibusdam,
722 3087 808 3154 quae
825 3065 955 3154 singula
975 3090 1152 3138 recensere
1169 3094 1261 3140 nunc
1282 3063 1424 3141 mibi-in
1446 3072 1559 3140 animo
1578 3083 1644 3155 est,
1672 3074 1856 3141 accuratius
1876 3074 1947 3150 de-

260 3180 455 3273 finiverunt
500 3180 580 3267 Qus
601 3181 639 3248 in
663 3206 702 3250 re
719 3181 785 3250 hoc
805 3193 885 3250 anto
904 3185 1187 3259 commonendum
1211 3201 1280 3270 cst,
1305 3205 1392 3272 quae
1412 3174 1675 3278 depronomine
1694 3177 1850 3274 simplice
1867 3188 1948 3255 ιιι-

259 3297 384 3364 deutur
408 3310 443 3365 et
468 3289 734 3388 praecipientur,
768 3298 885 3365 eadem
911 3298 954 3364 da
979 3298 1166 3390 adverbiis,
1196 3321 1284 3390 qnae
1309 3324 1330 3367 e
1346 3287 1605 3392 pronominibus
1623 3301 1808 3371 indefinitis
1825 3305 1949 3372 orian-

260 3423 330 3535 tur,
352 3411 476 3480 volere·

365 3524 404 3615 a)
423 3525 476 3591 Ac
504 3524 653 3615 primum
676 3527 811 3616 quidem
837 3552 900 3619 pro
923 3529 999 3619 quis
1021 3529 1182 3601 dixerunt
1209 3538 1310 3602 etiam
1332 3536 1503 3641 quiaquia,
1532 3534 1641 3622 quod,
1666 3554 1769 3620 quum
1786 3536 1946 3622 repetitio

259 3640 474 3736 pronominis
504 3641 646 3710 eandem
674 3643 885 3712 notionem
874 3670 912 3713 ιιι
940 3647 1094 3715 animum
1122 3663 1263 3717 revocet
1288 3672 1430 3738 ermque
1457 3650 1654 3734 confirmet,
1681 3649 1880 3717 ceurentium
1903 3655 1948 3719 ecl

262 3782 397 3845 omnes,
424 3756 467 3825 ad
494 3778 579 3845 quos
607 3757 729 3846 possit,
758 3761 944 3850 pertinere,
973 3765 1140 3852 significat
1166 3766 1244 3833 Liv.
1267 3764 1365 3833 XLI.
1390 3788 1418 3832 c.
1440 3769 1471 3834 8.
1499 3763 1641 3832 Liberos
1666 3785 1744 3830 suos
1768 3761 1949 3871 quibus

264 3872 417 3958 quibus
432 3872 605 3941 Romanis
620 3874 792 3963 umncipio
811 3875 987 3961 ιιιιιιιιιιι,
976 3904 1000 3946 ι.
1014 3904 1044 3949 ι.
1063 3881 1243 3966 Romanis,
1266 3880 1450 3950 dummodo
1465 3881 1613 4011 llomeni
1628 3891 1749 3960 cuent,
1766 3901 1829 3948 nec
1842 3879 1950 3966 quid·
2000 3893 2013 3906 ⁵

264 4006 365 4072 quam
385 3988 477 4055 eliud
494 3991 662 4057 curantes.
705 3991 842 4065 Lucret.
855 3994 900 4075 ll,
922 3994 1032 4062 957.-
1779 4010 1781 4014 '

574 4106 682 4194 Inque
703 4128 781 4173 suos
803 4110 1009 4197 quidquid
1030 4134 1146 4178 rursus
1167 4134 1328 4179 revocure
1348 4123 1490 4192 mestus,
1727 4202 1729 4207 Δ

265 4223 287 4288 i.
309 4243 339 4286 e.
361 4218 491 4302 omnia,
523 4243 697 4310 quaequae
721 4234 818 4308 sunt,
854 4246 939 4312 quoe
967 4237 1107 4315 propter
1133 4249 1289 4316 magnam
1315 4249 1431 4294 rerum
1450 4222 1582 4315 copiam
1605 4223 1788 4292 ιοοιιιιιιίιιι
1807 4223 1955 4296 definiri

265 4359 336 4402 non
357 4343 516 4423 possunt,
537 4336 579 4399 ed
602 4357 702 4418 quem
724 4361 860 4406 versum
874 4340 1062 4408 Lambinus
1076 4338 1199 4409 multos
1215 4342 1400 4437 alioslocos
1414 4340 1534 4407 attulit.
1560 4324 1830 4431 ⁴&saepenumero
1853 4346 1955 4428 quiq-

268 4452 441 4537 quiscum
465 4446 639 4540 particulis
666 4462 698 4515 ιι
723 4455 980 4537 pronominibus
1009 4458 1160 4529 relativis
1186 4439 1419 4547 coniungitur.'
1441 4444 1523 4521 i(lic.
1543 4454 1645 4523 Tunc.
1662 4456 1705 4542 V,
1727 4461 1778 4525 ⁸4.
1793 4455 1954 4541 'Bestiae

1912 4585 1957 4638 ut
