4320 5414
769 568 803 582 ”
863 568 1021 646 Latina
1066 556 1366 673 pronomina¹

258 752 401 835 nunus
716 828 720 834 Ι
832 800 835 807 .
884 776 929 792 -

249 864 335 955 ''2)
319 890 366 948 ss,
394 886 454 943 ao,
484 833 523 931 id
661 933 664 940 ,
699 852 705 859 ’
795 842 810 885 ·’
841 855 961 946 (iterus
979 848 1110 943 mum)
1136 855 1264 927 iterum
1285 854 1362 925 ide

246 953 269 981 ⁹
720 971 726 977 ’
885 974 1016 1044 duobus

246 1100 292 1187 a)
313 1095 415 1192 quis?
844 1093 946 1159 uter?

253 1221 291 1303 4)
312 1215 385 1300 tir,
413 1208 520 1295 baec,
539 1210 602 1278 lsoc
886 1241 933 1260 -

253 1332 390 1436 θινὶ,
412 1351 516 1423 quus,
537 1325 629 1420 quod
648 1325 771 1421 (relat.)
842 1335 918 1393 utar

254 1457 293 1536 6)
316 1450 408 1541 quia,
433 1469 534 1537 quse,
560 1443 644 1536 quid
662 1444 775 1535 (inde·
844 1452 919 1509 uter
995 1455 998 1462 ·

175 1617 178 1623 »
297 1565 399 1654 linit.)

253 1680 419 1762 Delius,
447 1702 489 1760 a,
519 1676 569 1743 ud
843 1676 932 1742 alter
968 1659 971 1663 ’
1514 1710 1558 1725 -

360 1878 493 1969 Quod
483 1902 519 1944 ιιι
542 1878 676 1945 relicuis
698 1878 829 1958 verbis,
858 1899 942 1965 quaa
961 1873 1156 1961 singularis,
1178 1874 1283 1941 dualis
1305 1886 1339 1940 et
1362 1872 1521 1963 pluralis
1520 1897 1655 1942 numeri
1644 1873 1795 1946 formas
1813 1880 1948 1970 babent,

252 2019 352 2086 saepe
380 1995 455 2063 fieri
483 1993 657 2078 videmus,
686 2005 726 2062 ut
748 1993 852 2058 dualis
880 2012 1043 2058 numerus
1068 1991 1254 2077 negligatur
1271 1994 1309 2057 at
1335 1988 1512 2079 paullatim
1535 1991 1637 2079 plane
1659 1991 1840 2081 abolescat,
1868 1999 1950 2087 plu-

251 2107 332 2181 ralis
363 2135 445 2178 vero
471 2111 604 2177 numeri
631 2108 761 2177 formae
788 2130 921 2175 summa
945 2105 1013 2174 fids
1037 2117 1073 2172 et
1102 2105 1286 2173 constantia
1313 2104 1351 2170 in
1374 2105 1531 2183 omnibus
1559 2091 1682 2195 linguis
1709 2121 1889 2179 teneantur
1914 2127 1949 2181 et

155 2309 166 2321 ,
254 2238 512 2309 conservantur,
542 2227 578 2293 id
606 2226 708 2316 plana
736 2247 829 2290 secus
859 2246 929 2289 esse
958 2221 994 2288 in
1021 2220 1088 2287 illis
1110 2218 1353 2310 pronominum
1379 2218 1517 2306 formis,
1554 2222 1635 2289 istae
1665 2225 1794 2297 tabulae
1815 2227 1949 2297 docent.

197 2352 199 2356 ’
254 2345 310 2413 Ex
331 2344 372 2411 iis
396 2343 488 2411 enim
512 2343 576 2408 hoc
595 2344 744 2431 primum
772 2352 929 2428 apparet,
958 2338 1057 2427 plura
1081 2352 1198 2423 graeca
1218 2348 1258 2427 et,
1274 2334 1511 2400 omnis‘latina
1537 2339 1742 2425 pronomina
1763 2364 1803 2407 ea
1820 2340 1950 2428 forma,·
1992 2333 1998 2345 ’

256 2483 344 2548 quae
372 2459 521 2547 plurium
546 2457 712 2524 rationem
739 2456 875 2533 babeat,
906 2472 976 2514 essa
1004 2449 1184 2539 destitutas
1222 2445 1325 2510 Cuius
1354 2444 1405 2509 rei
1438 2466 1590 2512 caussam
1611 2448 1697 2514 hanc
1728 2472 1798 2517 esse
1824 2462 1950 2537 statqu

223 2574 327 2642 “Eae
349 2571 441 2639 enim
468 2569 616 2653 formae,
645 2589 731 2656 quac
758 2565 933 2632 adunam
962 2560 1134 2631 homiuem
1159 2559 1312 2626 velrem
1334 2578 1436 2624 unam
1456 2570 1627 2651 spectant,
1662 2560 1759 2631 facile
1780 2565 1827 2633 ita
1848 2591 1948 2636 usur-

176 2744 181 2752 .
227 2689 333 2782 'pari
360 2696 560 2778 potuerunt,
598 2696 637 2752 nt
666 2703 774 2748 unum
801 2703 820 2746 e
847 2677 999 2770 pluribus
1027 2673 1263 2764 significarent.
1317 2677 1409 2743 Nam
1434 2675 1464 2742 si
1485 2678 1696 2765 quaerimusa
1733 2679 1808 2769 quis
1827 2679 1971 2773 fecit?
2003 2697 2007 2711 ¹

254 2811 450 2896 ¹quanquam
478 2799 615 2891 proprie
639 2798 724 2866 nihil
750 2796 814 2864 nisi
841 2793 882 2860 de
908 2817 978 2862 uno
1005 2793 1081 2872 illo,
1113 2793 1170 2880 qui
1197 2790 1331 2878 fecerit,
1360 2815 1422 2859 nos
1443 2793 1602 2863 sciscitari
1627 2796 1850 2887 declaramus,
1881 2801 1943 2869 vix

258 2937 374 2988 tamen
395 2939 585 3008 possumus,
614 2913 697 3002 quin
724 2911 824 2979 simul
842 2911 1040 2991 innuamus,
1069 2930 1131 2976 nos
1151 2907 1280 2975 denno
1301 2931 1344 2975 ex
1364 2909 1518 2998 pluribus
1544 2935 1716 3000 quaerere.
1759 2914 1796 2980 n
1814 2915 1945 2984 duobus

258 3050 372 3108 autem
389 3035 464 3123 quis
486 3029 621 3112 iecerit,
641 3031 668 3096 si
683 3027 891 3117 quaerimus,
914 3026 978 3092 hoc
993 3025 1069 3113 quia
1083 3044 1167 3090 voco
1182 3024 1333 3115 simplice
1346 3026 1421 3112 quis
1434 3021 1612 3113 significari
1629 3028 1762 3115 nequit,
1786 3001 1948 3118 singulari

259 3153 405 3242 quodam
427 3148 591 3216 vocabulo
611 3146 645 3212 id
665 3145 895 3234 exprimamus
914 3162 1047 3207 neccsse
1064 3150 1121 3204 est.
1167 3139 1285 3228 ltaque
1298 3141 1432 3206 numeri
1450 3140 1556 3207 dualis
1581 3139 1711 3223 forma,
1735 3164 1820 3230 quae
1838 3146 1954 3233 magis·

258 3279 345 3337 esset
367 3263 570 3347 necessaria,
600 3261 759 3348 cuiusque
783 3260 858 3325 loco
880 3279 990 3345 neque
1012 3254 1145 3322 numeri
1168 3255 1345 3341 singularis
1364 3276 1473 3341 neque
1493 3256 1632 3347 pluralis
1653 3255 1764 3325 forma
1788 3264 1956 3349 usurpari⁴

260 3395 392 3476 posset,
421 3380 541 3448 tradita
564 3389 612 3446 est
632 3378 673 3444 ab
695 3374 838 3461 antiquis
857 3385 891 3439 et
903 3395 940 3438 ιιι
959 3372 1132 3462 plerisque
1144 3372 1266 3459 linguis
1288 3387 1433 3454 servata,
1461 3371 1600 3461 pluralis
1620 3394 1702 3438 vero
1723 3396 1857 3442 numen
1849 3355 1945 3443 'ior·
2034 3443 2037 3446 ,

176 3512 184 3520 ’
256 3526 359 3585 mae,
382 3521 445 3589 pro
470 3495 589 3584 quibus
603 3491 780 3585 singularis
799 3490 900 3557 etiam
923 3509 1058 3554 numera
1048 3485 1203 3554 formae
1224 3489 1380 3577 usurpari
1395 3499 1570 3580 poterant,
1599 3485 1636 3553 in
1652 3487 1808 3578 pluribus
1821 3492 1944 3580 linguis
2004 3488 2007 3493 ’

198 3680 200 3684 ,
256 3616 441 3709 paullatim
465 3610 753 3683 interciderunt.

367 3728 534 3815 Deinceps
550 3725 622 3790 de
610 3724 692 3813 apsis
709 3719 827 3788 formis
846 3732 894 3787 est
914 3721 1103 3819 dicendum.
1146 3721 1216 3786 Eae
1231 3736 1311 3790 sunt
1324 3721 1360 3790 in
1373 3721 1675 3813 lingua-ranseries
1687 3743 1823 3789 numeri
1814 3722 1944 3792 'dualis
2065 3776 2071 3785 .

264 3860 381 3939 torus,
405 3858 444 3925 ἃ,
474 3852 548 3922 dm,
575 3840 715 3929 pluralis
744 3846 871 3917 amnas,
899 3850 938 3918 ὃ,
962 3848 1029 3903 dm.
1081 3835 1205 3902 Iisdem
1232 3837 1310 3904 Indi
1338 3837 1376 3903 iu
1402 3838 1646 3905 adiectivorum
1665 3837 1893 3926 comparativo
1912 3850 1946 3905 et

261 3964 464 4057 superlativo
486 3956 593 4045 gradu
613 3964 774 4038 utuntur,
802 3975 993 4042 quanquam
1007 3953 1043 4018 iu
1063 3952 1284 4018 declinatione
1306 3939 1356 4020 cst
1369 3954 1482 4040 aliqua
1498 3952 1729 4043 discrepantia.
1772 3951 1945 4021 Adiectiva

243 4105 245 4109 ·
262 4086 353 4151 enim
369 4073 598 4165 comparativa
617 4083 654 4164 et,
661 4069 868 4157 superlativa
878 4066 1034 4134 usitatam
1051 4067 1230 4150 nominum
1245 4068 1502 4136 declinationem
1515 4068 1657 4150 habent3
1679 4067 1815 4136 eaedem
1829 4081 1943 4137 sutem

261 4199 392 4266 formae
421 4212 498 4258 cum
525 4185 784 4277 pronominibus
816 4184 991 4273 copulatae
1012 4184 1185 4250 nonnullis
1213 4183 1250 4250 in
1268 4185 1397 4253 casibus
1417 4185 1659 4276 pronominum
1685 4174 1943 4253 declinationem

182 4340 188 4348 ’
241 4322 461 4400 'sequuntun
483 4339 527 4354 -
571 4303 613 4368 In
629 4301 763 4390 graecis
778 4300 877 4366 huius
889 4300 1019 4384 generis
1033 4298 1292 4387 pronominibus
1312 4301 1449 4367 eaedem
1464 4299 1686 4388 comparativi
1699 4312 1736 4392 ct*
1744 4300 1942 4388 superlativi

266 4426 390 4516 gradus
403 4422 533 4488 formae
548 4427 718 4506 apparent.
757 4415 848 4481 Nam
865 4440 954 4502 τερος
968 4427 1017 4483 est
1034 4413 1256 4502 comparativi
1269 4412 1391 4499 forma,
1411 4414 1468 4506 (cf.
1485 4408 1639 4500 ἑκάτερος,
1660 4409 1836 4500 adsaporet
1851 4439 1949 4498 πονηη

267 4538 416 4631 ps'rspuc,
439 4529 650 4623 λεπτότερος),
679 4555 753 4607 oruc
772 4529 988 4621 superlativi,
1009 4530 1121 4598 rarior
1139 4526 1198 4595 illa
1211 4527 1348 4616 quidem
1361 4550 1464 4619 quam
1478 4555 1589 4611 rotor,
1609 4541 1842 4599 verumtamen
1857 4534 1949 4600 mul-

1582 4644 1606 4710 1
