<?xml version="1.0" encoding="UTF-8"?>
<!DOCTYPE html PUBLIC "-//W3C//DTD XHTML 1.0 Transitional//EN"
    "http://www.w3.org/TR/xhtml1/DTD/xhtml1-transitional.dtd">
<html xmlns="http://www.w3.org/1999/xhtml" xml:lang="en" lang="en">
 <head>
  <title>
</title>
<meta http-equiv="Content-Type" content="text/html;charset=utf-8" />
  <meta name='ocr-system' content='tesseract 3.04.00' />
  <meta name='ocr-capabilities' content='ocr_page ocr_carea ocr_par ocr_line ocrx_word'/>
</head>
<body>
  <div class='ocr_page' id='page_1' title='image "./maxschmidtiicom00schmgoog/maxschmidtiicom00schmgoog_0049.png"; bbox 0 0 4320 5414; ppageno 0'>
   <div class='ocr_carea' id='block_1_1' title="bbox 225 400 275 475">
    <p class='ocr_par' dir='ltr' id='par_1_1' title="bbox 225 400 275 475">
     <span class='ocr_line' id='line_1_1' title="bbox 225 400 275 475; baseline 0 0"><span class='ocrx_word' id='word_1_1' title='bbox 225 400 275 475; x_wconf 80' lang='lat'>38</span> 
     </span>
    </p>
   </div>
   <div class='ocr_carea' id='block_1_2' title="bbox 225 583 1914 2304">
    <p class='ocr_par' dir='ltr' id='par_1_2' title="bbox 225 583 1910 798">
     <span class='ocr_line' id='line_1_2' title="bbox 225 583 1910 683; baseline 0 -22"><span class='ocrx_word' id='word_1_2' title='bbox 225 591 405 676; x_wconf 86' lang='lat' dir='ltr'>baudscio,</span> <span class='ocrx_word' id='word_1_3' title='bbox 427 614 472 659; x_wconf 92' lang='lat' dir='ltr'>an</span> <span class='ocrx_word' id='word_1_4' title='bbox 485 590 522 658; x_wconf 90' lang='lat' dir='ltr'>iu</span> <span class='ocrx_word' id='word_1_5' title='bbox 538 591 623 679; x_wconf 73' lang='lat' dir='ltr'>epse,</span> <span class='ocrx_word' id='word_1_6' title='bbox 638 590 707 678; x_wconf 86' lang='lat' dir='ltr'>ille,</span> <span class='ocrx_word' id='word_1_7' title='bbox 724 590 788 656; x_wconf 80' lang='lat' dir='ltr'>iste</span> <span class='ocrx_word' id='word_1_8' title='bbox 804 589 928 656; x_wconf 85' lang='lat' dir='ltr'>factum</span> <span class='ocrx_word' id='word_1_9' title='bbox 942 589 995 672; x_wconf 90' lang='lat' dir='ltr'>sit,</span> <span class='ocrx_word' id='word_1_10' title='bbox 1017 609 1101 675; x_wconf 82' lang='lat' dir='ltr'>quae</span> <span class='ocrx_word' id='word_1_11' title='bbox 1116 587 1218 656; x_wconf 86' lang='lat' dir='ltr'>verba</span> <span class='ocrx_word' id='word_1_12' title='bbox 1230 586 1303 652; x_wconf 83' lang='lat' dir='ltr'>sive</span> <span class='ocrx_word' id='word_1_13' title='bbox 1318 604 1362 652; x_wconf 85' lang='lat' dir='ltr'>ex</span> <span class='ocrx_word' id='word_1_14' title='bbox 1376 584 1481 675; x_wconf 73' lang='lat' dir='ltr'>ipsus,</span> <span class='ocrx_word' id='word_1_15' title='bbox 1504 583 1597 670; x_wconf 80' lang='lat' dir='ltr'>illus,</span> <span class='ocrx_word' id='word_1_16' title='bbox 1614 587 1712 677; x_wconf 84' lang='lat' dir='ltr'>istus,</span> <span class='ocrx_word' id='word_1_17' title='bbox 1736 587 1792 675; x_wconf 82' lang='lat' dir='ltr'>(cf.</span> <span class='ocrx_word' id='word_1_18' title='bbox 1805 592 1834 677; x_wconf 88' lang='lat'>§.</span> <span class='ocrx_word' id='word_1_19' title='bbox 1844 593 1910 683; x_wconf 80' lang='lat' dir='ltr'>ta.)</span> 
     </span>
     <span class='ocr_line' id='line_1_3' title="bbox 225 694 1149 798; baseline -0.009 -20"><span class='ocrx_word' id='word_1_20' title='bbox 225 711 299 778; x_wconf 87' lang='lat' dir='ltr'>sive</span> <span class='ocrx_word' id='word_1_21' title='bbox 318 733 363 779; x_wconf 88' lang='lat' dir='ltr'>ex</span> <span class='ocrx_word' id='word_1_22' title='bbox 384 707 486 798; x_wconf 73' lang='lat' dir='ltr'>apsis,</span> <span class='ocrx_word' id='word_1_23' title='bbox 508 707 599 790; x_wconf 80' lang='lat' dir='ltr'>illis,</span> <span class='ocrx_word' id='word_1_24' title='bbox 621 707 695 772; x_wconf 86' lang='lat' dir='ltr'>istis</span> <span class='ocrx_word' id='word_1_25' title='bbox 714 718 870 795; x_wconf 88' lang='lat' dir='ltr'>correpta</span> <span class='ocrx_word' id='word_1_26' title='bbox 887 694 1047 772; x_wconf 84' lang='lat' dir='ltr'>videntur</span> <span class='ocrx_word' id='word_1_27' title='bbox 1069 727 1149 771; x_wconf 85' lang='lat' dir='ltr'>esse.</span> 
     </span>
    </p>

    <p class='ocr_par' dir='ltr' id='par_1_3' title="bbox 225 812 1914 1261">
     <span class='ocr_line' id='line_1_4' title="bbox 330 812 1914 916; baseline 0.003 -26"><span class='ocrx_word' id='word_1_28' title='bbox 330 825 409 898; x_wconf 87' lang='lat' dir='ltr'>Hoc</span> <span class='ocrx_word' id='word_1_29' title='bbox 432 823 536 911; x_wconf 84' lang='lat' dir='ltr'>igitur</span> <span class='ocrx_word' id='word_1_30' title='bbox 549 812 749 912; x_wconf 88' lang='lat' dir='ltr'>pronomine</span> <span class='ocrx_word' id='word_1_31' title='bbox 762 826 803 891; x_wconf 94' lang='lat' dir='ltr'>ab</span> <span class='ocrx_word' id='word_1_32' title='bbox 819 824 917 890; x_wconf 89' lang='lat' dir='ltr'>initio</span> <span class='ocrx_word' id='word_1_33' title='bbox 929 847 999 906; x_wconf 91' lang='lat' dir='ltr'>res,</span> <span class='ocrx_word' id='word_1_34' title='bbox 1023 842 1109 908; x_wconf 91' lang='lat' dir='ltr'>qnae</span> <span class='ocrx_word' id='word_1_35' title='bbox 1125 820 1282 904; x_wconf 89' lang='lat' dir='ltr'>aderant,</span> <span class='ocrx_word' id='word_1_36' title='bbox 1306 840 1457 907; x_wconf 86' lang='lat' dir='ltr'>quaeque</span> <span class='ocrx_word' id='word_1_37' title='bbox 1470 832 1663 909; x_wconf 76' lang='lat' dir='ltr'><strong>praesentes</strong></span> <span class='ocrx_word' id='word_1_38' title='bbox 1679 836 1792 910; x_wconf 87' lang='lat' dir='ltr'>erant,</span> <span class='ocrx_word' id='word_1_39' title='bbox 1817 828 1914 916; x_wconf 83' lang='lat' dir='ltr'>quasi</span> 
     </span>
     <span class='ocr_line' id='line_1_5' title="bbox 226 934 1911 1028; baseline 0.002 -20"><span class='ocrx_word' id='word_1_40' title='bbox 226 963 333 1008; x_wconf 90' lang='lat' dir='ltr'>mauu</span> <span class='ocrx_word' id='word_1_41' title='bbox 350 950 505 1028; x_wconf 88' lang='lat' dir='ltr'>protenta</span> <span class='ocrx_word' id='word_1_42' title='bbox 530 938 895 1022; x_wconf 78' lang='lat' dir='ltr'><strong>demonstrabantur,</strong></span> <span class='ocrx_word' id='word_1_43' title='bbox 885 951 933 1005; x_wconf 82' lang='lat' dir='ltr'>tta</span> <span class='ocrx_word' id='word_1_44' title='bbox 953 951 993 1004; x_wconf 89' lang='lat' dir='ltr'>ut</span> <span class='ocrx_word' id='word_1_45' title='bbox 1010 934 1170 1018; x_wconf 88' lang='lat' dir='ltr'>eandem,</span> <span class='ocrx_word' id='word_1_46' title='bbox 1192 946 1293 1023; x_wconf 85' lang='lat' dir='ltr'>atque</span> <span class='ocrx_word' id='word_1_47' title='bbox 1314 934 1387 1019; x_wconf 79' lang='lat' dir='ltr'>liic,</span> <span class='ocrx_word' id='word_1_48' title='bbox 1410 934 1509 1019; x_wconf 74' lang='lat' dir='ltr'>liaeo,</span> <span class='ocrx_word' id='word_1_49' title='bbox 1531 934 1610 1021; x_wconf 81' lang='lat' dir='ltr'>boc,</span> <span class='ocrx_word' id='word_1_50' title='bbox 1632 937 1911 1024; x_wconf 78' lang='lat' dir='ltr'>significationem</span> 
     </span>
     <span class='ocr_line' id='line_1_6' title="bbox 225 1048 1910 1165; baseline 0.001 -40"><span class='ocrx_word' id='word_1_51' title='bbox 225 1057 371 1125; x_wconf 86' lang='lat' dir='ltr'>haberet.</span> <span class='ocrx_word' id='word_1_52' title='bbox 413 1052 506 1121; x_wconf 86' lang='lat' dir='ltr'>Haec</span> <span class='ocrx_word' id='word_1_53' title='bbox 528 1051 681 1138; x_wconf 85' lang='lat' dir='ltr'>verbio,</span> <span class='ocrx_word' id='word_1_54' title='bbox 707 1052 742 1138; x_wconf 72' lang='lat' dir='ltr'>i,</span> <span class='ocrx_word' id='word_1_55' title='bbox 760 1058 797 1123; x_wconf 78' lang='grc' dir='ltr'>τό</span> <span class='ocrx_word' id='word_1_56' title='bbox 815 1055 934 1121; x_wconf 87' lang='lat' dir='ltr'>usitata</span> <span class='ocrx_word' id='word_1_57' title='bbox 953 1048 1150 1138; x_wconf 86' lang='lat' dir='ltr'>significatio</span> <span class='ocrx_word' id='word_1_58' title='bbox 1171 1063 1220 1118; x_wconf 88' lang='lat' dir='ltr'>est</span> <span class='ocrx_word' id='word_1_59' title='bbox 1231 1052 1321 1143; x_wconf 88' lang='lat' dir='ltr'>apud</span> <span class='ocrx_word' id='word_1_60' title='bbox 1337 1052 1547 1143; x_wconf 84' lang='lat' dir='ltr'>Homerum,</span> <span class='ocrx_word' id='word_1_61' title='bbox 1571 1074 1685 1165; x_wconf 82' lang='lat' dir='ltr'>equo</span> <span class='ocrx_word' id='word_1_62' title='bbox 1686 1075 1793 1122; x_wconf 87' lang='lat' dir='ltr'>unum</span> <span class='ocrx_word' id='word_1_63' title='bbox 1806 1058 1910 1127; x_wconf 89' lang='lat' dir='ltr'>modo</span> 
     </span>
     <span class='ocr_line' id='line_1_7' title="bbox 228 1167 846 1273; baseline 0 -37"><span class='ocrx_word' id='word_1_64' title='bbox 228 1170 421 1261; x_wconf 84' lang='lat' dir='ltr'>exemplum</span> <span class='ocrx_word' id='word_1_65' title='bbox 438 1167 564 1236; x_wconf 83' lang='lat' dir='ltr'>allerre</span> <span class='ocrx_word' id='word_1_66' title='bbox 578 1170 687 1273; x_wconf 83' lang='lat' dir='ltr'>lubet,</span> <span class='ocrx_word' id='word_1_67' title='bbox 710 1170 750 1236; x_wconf 93' lang='lat' dir='ltr'>ll</span> <span class='ocrx_word' id='word_1_68' title='bbox 764 1170 790 1256; x_wconf 89' lang='lat' dir='ltr'>l,</span> <span class='ocrx_word' id='word_1_69' title='bbox 813 1173 846 1239; x_wconf 87' lang='grc'>9</span> 
     </span>
    </p>

    <p class='ocr_par' dir='ltr' id='par_1_4' title="bbox 516 1283 1323 1372">
     <span class='ocr_line' id='line_1_8' title="bbox 516 1283 1323 1372; baseline -0.002 -18"><span class='ocrx_word' id='word_1_70' title='bbox 516 1291 566 1363; x_wconf 81' lang='grc' dir='ltr'>τίς</span> <span class='ocrx_word' id='word_1_71' title='bbox 587 1314 606 1352; x_wconf 86' lang='grc' dir='ltr'><strong><em>τ</em></strong></span> <span class='ocrx_word' id='word_1_72' title='bbox 610 1284 682 1370; x_wconf 67' lang='grc' dir='ltr'>ιόρ</span> <span class='ocrx_word' id='word_1_73' title='bbox 700 1309 785 1372; x_wconf 79' lang='grc' dir='ltr'><em>σφωε</em></span> <span class='ocrx_word' id='word_1_74' title='bbox 805 1290 888 1355; x_wconf 71' lang='grc' dir='ltr'><strong><em>θεῶν</em></strong></span> <span class='ocrx_word' id='word_1_75' title='bbox 908 1283 988 1371; x_wconf 68' lang='grc' dir='ltr'><strong><em>ἔριδι</em></strong></span> <span class='ocrx_word' id='word_1_76' title='bbox 1009 1284 1130 1364; x_wconf 75' lang='grc' dir='ltr'><strong><em>ξυνέηκε</em></strong></span> <span class='ocrx_word' id='word_1_77' title='bbox 1148 1286 1323 1371; x_wconf 56' lang='lat' dir='ltr'>pellectos,</span> 
     </span>
    </p>

    <p class='ocr_par' dir='ltr' id='par_1_5' title="bbox 515 1377 1501 1722">
     <span class='ocr_line' id='line_1_9' title="bbox 520 1377 1501 1491; baseline 0 -23"><span class='ocrx_word' id='word_1_78' title='bbox 520 1407 644 1483; x_wconf 74' lang='grc' dir='ltr'><strong><em>Λητοῦς</em></strong></span> <span class='ocrx_word' id='word_1_79' title='bbox 673 1408 726 1471; x_wconf 79' lang='grc' dir='ltr'>καὶ</span> <span class='ocrx_word' id='word_1_80' title='bbox 746 1399 821 1481; x_wconf 84' lang='grc' dir='ltr'><strong><em>Διός</em></strong></span> <span class='ocrx_word' id='word_1_81' title='bbox 842 1401 925 1479; x_wconf 78' lang='grc' dir='ltr'><strong><em>οἷός·</em></strong></span> <span class='ocrx_word' id='word_1_82' title='bbox 960 1377 1061 1486; x_wconf 76' lang='grc' dir='ltr'><strong><em>Ογδρ</em></strong></span> <span class='ocrx_word' id='word_1_83' title='bbox 1091 1407 1214 1485; x_wconf 77' lang='grc' dir='ltr'><strong><em>βασιλῆϊ</em></strong></span> <span class='ocrx_word' id='word_1_84' title='bbox 1240 1407 1392 1487; x_wconf 69' lang='grc' dir='ltr'><strong><em>χολωθεὶς</em></strong></span> <span class='ocrx_word' id='word_1_85' title='bbox 1493 1478 1501 1491; x_wconf 36' lang='lat' dir='ltr'><em>l</em></span> 
     </span>
     <span class='ocr_line' id='line_1_10' title="bbox 515 1513 1415 1608; baseline 0.002 -26"><span class='ocrx_word' id='word_1_86' title='bbox 515 1524 626 1584; x_wconf 75' lang='grc' dir='ltr'><strong><em>νοῦσον</em></strong></span> <span class='ocrx_word' id='word_1_87' title='bbox 648 1514 706 1586; x_wconf 79' lang='grc' dir='ltr'><strong><em>όνό</em></strong></span> <span class='ocrx_word' id='word_1_88' title='bbox 726 1515 859 1608; x_wconf 81' lang='grc' dir='ltr'><strong><em>στρατόν</em></strong></span> <span class='ocrx_word' id='word_1_89' title='bbox 880 1513 960 1604; x_wconf 73' lang='lat' dir='ltr'>dnos</span> <span class='ocrx_word' id='word_1_90' title='bbox 980 1521 1092 1602; x_wconf 75' lang='grc' dir='ltr'><strong><em>κακόν,</em></strong></span> <span class='ocrx_word' id='word_1_91' title='bbox 1119 1516 1260 1588; x_wconf 78' lang='grc' dir='ltr'><strong><em>ὀλέκοντο</em></strong></span> <span class='ocrx_word' id='word_1_92' title='bbox 1282 1522 1317 1586; x_wconf 84' lang='grc' dir='ltr'>δὲ</span> <span class='ocrx_word' id='word_1_93' title='bbox 1335 1524 1415 1601; x_wconf 73' lang='grc' dir='ltr'><strong><em>λαοί,</em></strong></span> 
     </span>
     <span class='ocr_line' id='line_1_11' title="bbox 520 1632 1162 1722; baseline 0.003 -24"><span class='ocrx_word' id='word_1_94' title='bbox 520 1632 628 1700; x_wconf 73' lang='grc' dir='ltr'><strong><em>οὕνεκα</em></strong></span> <span class='ocrx_word' id='word_1_95' title='bbox 649 1661 704 1702; x_wconf 83' lang='grc' dir='ltr'><strong><em>τον</em></strong></span> <span class='ocrx_word' id='word_1_96' title='bbox 727 1632 899 1721; x_wconf 83' lang='grc' dir='ltr'><strong><em>Χρόσην’</em></strong></span> <span class='ocrx_word' id='word_1_97' title='bbox 879 1633 1005 1720; x_wconf 80' lang='grc' dir='ltr'><strong><em>ηιίμηο’</em></strong></span> <span class='ocrx_word' id='word_1_98' title='bbox 1026 1632 1162 1722; x_wconf 75' lang='grc' dir='ltr'><strong><em>ἄρητηροι</em></strong></span> 
     </span>
    </p>

    <p class='ocr_par' dir='ltr' id='par_1_6' title="bbox 518 1744 1370 1835">
     <span class='ocr_line' id='line_1_12' title="bbox 518 1744 1370 1835; baseline 0.004 -22"><span class='ocrx_word' id='word_1_99' title='bbox 518 1744 684 1834; x_wconf 75' lang='grc' dir='ltr'><strong><em>Ἀτρείδης.</em></strong></span> <span class='ocrx_word' id='word_1_100' title='bbox 715 1758 733 1815; x_wconf 88' lang='grc'><strong>0</strong></span> <span class='ocrx_word' id='word_1_101' title='bbox 764 1745 824 1835; x_wconf 72' lang='grc' dir='ltr'>γάρ</span> <span class='ocrx_word' id='word_1_102' title='bbox 853 1748 929 1830; x_wconf 72' lang='grc' dir='ltr'>ἦλθε</span> <span class='ocrx_word' id='word_1_103' title='bbox 959 1746 1041 1828; x_wconf 71' lang='grc' dir='ltr'><strong><em>θοός</em></strong></span> <span class='ocrx_word' id='word_1_104' title='bbox 1064 1751 1155 1817; x_wconf 69' lang='lat' dir='ltr'>tut·</span> <span class='ocrx_word' id='word_1_105' title='bbox 1137 1756 1211 1828; x_wconf 77' lang='grc' dir='ltr'><strong><em>νῆας</em></strong></span> <span class='ocrx_word' id='word_1_106' title='bbox 1228 1746 1370 1834; x_wconf 73' lang='grc' dir='ltr'><strong><em>Ἀχαιῶν.</em></strong></span> 
     </span>
    </p>

    <p class='ocr_par' dir='ltr' id='par_1_7' title="bbox 229 1860 1910 2304">
     <span class='ocr_line' id='line_1_13' title="bbox 330 1860 1910 1958; baseline 0.004 -28"><span class='ocrx_word' id='word_1_107' title='bbox 330 1861 389 1930; x_wconf 80' lang='lat' dir='ltr'>Ab</span> <span class='ocrx_word' id='word_1_108' title='bbox 405 1860 556 1928; x_wconf 88' lang='lat' dir='ltr'>Homero</span> <span class='ocrx_word' id='word_1_109' title='bbox 573 1877 607 1930; x_wconf 93' lang='lat' dir='ltr'>et</span> <span class='ocrx_word' id='word_1_110' title='bbox 621 1864 772 1931; x_wconf 80' lang='lat' dir='ltr'>Hesiodo</span> <span class='ocrx_word' id='word_1_111' title='bbox 789 1867 844 1931; x_wconf 88' lang='lat' dir='ltr'>hio</span> <span class='ocrx_word' id='word_1_112' title='bbox 857 1889 936 1933; x_wconf 89' lang='lat' dir='ltr'>usus</span> <span class='ocrx_word' id='word_1_113' title='bbox 948 1867 988 1933; x_wconf 89' lang='lat' dir='ltr'>ad</span> <span class='ocrx_word' id='word_1_114' title='bbox 1006 1862 1129 1934; x_wconf 91' lang='lat' dir='ltr'>Iones</span> <span class='ocrx_word' id='word_1_115' title='bbox 1119 1865 1152 1934; x_wconf 85' lang='lat' dir='ltr'>e&#39;t</span> <span class='ocrx_word' id='word_1_116' title='bbox 1165 1864 1276 1932; x_wconf 83' lang='lat' dir='ltr'>Dones</span> <span class='ocrx_word' id='word_1_117' title='bbox 1289 1864 1439 1949; x_wconf 88' lang='lat' dir='ltr'>transiit,</span> <span class='ocrx_word' id='word_1_118' title='bbox 1462 1875 1495 1932; x_wconf 91' lang='lat' dir='ltr'>et</span> <span class='ocrx_word' id='word_1_119' title='bbox 1507 1885 1750 1953; x_wconf 90' lang='lat' dir='ltr'>nonnunquam</span> <span class='ocrx_word' id='word_1_120' title='bbox 1767 1870 1910 1958; x_wconf 86' lang='lat' dir='ltr'>apo&#39;e&#39;tis</span> 
     </span>
     <span class='ocr_line' id='line_1_14' title="bbox 230 1976 1909 2073; baseline 0.001 -23"><span class='ocrx_word' id='word_1_121' title='bbox 230 1977 362 2068; x_wconf 78' lang='lat' dir='ltr'><strong>tragicis</strong></span> <span class='ocrx_word' id='word_1_122' title='bbox 385 1989 419 2041; x_wconf 91' lang='lat' dir='ltr'>et</span> <span class='ocrx_word' id='word_1_123' title='bbox 442 1976 640 2061; x_wconf 90' lang='lat' dir='ltr'>quibusdam</span> <span class='ocrx_word' id='word_1_124' title='bbox 655 1978 691 2045; x_wconf 92' lang='lat' dir='ltr'>in</span> <span class='ocrx_word' id='word_1_125' title='bbox 704 1980 929 2050; x_wconf 90' lang='lat' dir='ltr'>locutionibus</span> <span class='ocrx_word' id='word_1_126' title='bbox 943 1983 1091 2050; x_wconf 82' lang='lat' dir='ltr'>acetaria</span> <span class='ocrx_word' id='word_1_127' title='bbox 1106 1981 1206 2048; x_wconf 88' lang='lat' dir='ltr'>etiam</span> <span class='ocrx_word' id='word_1_128' title='bbox 1221 1981 1438 2073; x_wconf 72' lang='lat' dir='ltr'>scriptoribus</span> <span class='ocrx_word' id='word_1_129' title='bbox 1456 1980 1561 2047; x_wconf 85' lang='lat' dir='ltr'>atticis</span> <span class='ocrx_word' id='word_1_130' title='bbox 1576 1995 1730 2048; x_wconf 87' lang='lat' dir='ltr'>servatus</span> <span class='ocrx_word' id='word_1_131' title='bbox 1743 1996 1801 2050; x_wconf 88' lang='lat' dir='ltr'>est.</span> <span class='ocrx_word' id='word_1_132' title='bbox 1843 1986 1909 2051; x_wconf 89' lang='lat' dir='ltr'>Sed</span> 
     </span>
     <span class='ocr_line' id='line_1_15' title="bbox 229 2093 1909 2188; baseline 0.002 -24"><span class='ocrx_word' id='word_1_133' title='bbox 229 2119 334 2188; x_wconf 90' lang='lat' dir='ltr'>quum</span> <span class='ocrx_word' id='word_1_134' title='bbox 357 2093 422 2159; x_wconf 92' lang='lat' dir='ltr'>boc</span> <span class='ocrx_word' id='word_1_135' title='bbox 443 2115 653 2182; x_wconf 89' lang='lat' dir='ltr'>pronomen,</span> <span class='ocrx_word' id='word_1_136' title='bbox 685 2095 776 2182; x_wconf 92' lang='lat' dir='ltr'>qnod</span> <span class='ocrx_word' id='word_1_137' title='bbox 795 2098 934 2187; x_wconf 83' lang='lat' dir='ltr'>proprie</span> <span class='ocrx_word' id='word_1_138' title='bbox 953 2122 1007 2166; x_wconf 90' lang='lat' dir='ltr'>res</span> <span class='ocrx_word' id='word_1_139' title='bbox 1036 2098 1140 2166; x_wconf 91' lang='lat' dir='ltr'>oculis</span> <span class='ocrx_word' id='word_1_140' title='bbox 1161 2097 1325 2165; x_wconf 86' lang='lat' dir='ltr'>subiectas</span> <span class='ocrx_word' id='word_1_141' title='bbox 1347 2096 1613 2180; x_wconf 79' lang='lat' dir='ltr'>demonstrabat,</span> <span class='ocrx_word' id='word_1_142' title='bbox 1638 2099 1762 2165; x_wconf 89' lang='lat' dir='ltr'>sensim</span> <span class='ocrx_word' id='word_1_143' title='bbox 1789 2100 1832 2167; x_wconf 91' lang='lat' dir='ltr'>ad</span> <span class='ocrx_word' id='word_1_144' title='bbox 1854 2123 1909 2169; x_wconf 89' lang='lat' dir='ltr'>eas</span> 
     </span>
     <span class='ocr_line' id='line_1_16' title="bbox 229 2208 1909 2304; baseline 0.004 -27"><span class='ocrx_word' id='word_1_145' title='bbox 229 2232 364 2299; x_wconf 88' lang='lat' dir='ltr'>qnoque</span> <span class='ocrx_word' id='word_1_146' title='bbox 392 2230 446 2273; x_wconf 87' lang='lat' dir='ltr'>res</span> <span class='ocrx_word' id='word_1_147' title='bbox 467 2208 648 2292; x_wconf 85' lang='lat' dir='ltr'>notandas,</span> <span class='ocrx_word' id='word_1_148' title='bbox 683 2232 771 2298; x_wconf 90' lang='lat' dir='ltr'>quae</span> <span class='ocrx_word' id='word_1_149' title='bbox 798 2214 912 2280; x_wconf 87' lang='lat' dir='ltr'>animo</span> <span class='ocrx_word' id='word_1_150' title='bbox 944 2226 1042 2304; x_wconf 89' lang='lat' dir='ltr'>atque</span> <span class='ocrx_word' id='word_1_151' title='bbox 1067 2229 1181 2281; x_wconf 87' lang='lat' dir='ltr'>mente</span> <span class='ocrx_word' id='word_1_152' title='bbox 1204 2225 1322 2303; x_wconf 90' lang='lat' dir='ltr'>utpote</span> <span class='ocrx_word' id='word_1_153' title='bbox 1346 2213 1495 2301; x_wconf 78' lang='lat' dir='ltr'>singulae</span> <span class='ocrx_word' id='word_1_154' title='bbox 1517 2225 1612 2279; x_wconf 90' lang='lat' dir='ltr'>erant</span> <span class='ocrx_word' id='word_1_155' title='bbox 1634 2215 1909 2303; x_wconf 83' lang='lat' dir='ltr'>comprehensae,</span> 
     </span>
    </p>
   </div>
   <div class='ocr_carea' id='block_1_3' title="bbox 109 2314 1908 2418">
    <p class='ocr_par' dir='ltr' id='par_1_8' title="bbox 109 2314 1908 2418">
     <span class='ocr_line' id='line_1_17' title="bbox 109 2314 1908 2418; baseline 0.002 -24"><span class='ocrx_word' id='word_1_156' title='bbox 109 2324 113 2331; x_wconf 75' lang='grc'><em>’</em></span> <span class='ocrx_word' id='word_1_157' title='bbox 228 2320 485 2406; x_wconf 81' lang='lat' dir='ltr'>transferretur,</span> <span class='ocrx_word' id='word_1_158' title='bbox 506 2322 571 2388; x_wconf 94' lang='lat' dir='ltr'>hoc</span> <span class='ocrx_word' id='word_1_159' title='bbox 583 2346 773 2412; x_wconf 89' lang='lat' dir='ltr'>pronomen</span> <span class='ocrx_word' id='word_1_160' title='bbox 788 2351 883 2412; x_wconf 90' lang='lat' dir='ltr'>eam,</span> <span class='ocrx_word' id='word_1_161' title='bbox 907 2352 1008 2418; x_wconf 91' lang='lat' dir='ltr'>quam</span> <span class='ocrx_word' id='word_1_162' title='bbox 1021 2330 1154 2398; x_wconf 84' lang='lat' dir='ltr'>articuli</span> <span class='ocrx_word' id='word_1_163' title='bbox 1169 2314 1386 2418; x_wconf 85' lang='lat' dir='ltr'>praepositivi</span> <span class='ocrx_word' id='word_1_164' title='bbox 1404 2328 1542 2395; x_wconf 91' lang='lat' dir='ltr'>notione</span> <span class='ocrx_word' id='word_1_165' title='bbox 1554 2328 1785 2415; x_wconf 85' lang='lat' dir='ltr'>intelligimus,</span> <span class='ocrx_word' id='word_1_166' title='bbox 1809 2352 1908 2398; x_wconf 87' lang='lat' dir='ltr'>acce-</span> 
     </span>
    </p>
   </div>
   <div class='ocr_carea' id='block_1_4' title="bbox 139 2436 1912 4614">
    <p class='ocr_par' dir='ltr' id='par_1_9' title="bbox 139 2436 1910 3113">
     <span class='ocr_line' id='line_1_18' title="bbox 228 2436 1908 2534; baseline 0.001 -25"><span class='ocrx_word' id='word_1_167' title='bbox 228 2445 279 2534; x_wconf 90' lang='lat' dir='ltr'>pit</span> <span class='ocrx_word' id='word_1_168' title='bbox 291 2436 575 2527; x_wconf 80' lang='lat' dir='ltr'>significationem,</span> <span class='ocrx_word' id='word_1_169' title='bbox 599 2437 640 2504; x_wconf 92' lang='lat' dir='ltr'>de</span> <span class='ocrx_word' id='word_1_170' title='bbox 655 2441 748 2507; x_wconf 90' lang='lat' dir='ltr'>cuius</span> <span class='ocrx_word' id='word_1_171' title='bbox 762 2464 825 2509; x_wconf 89' lang='lat' dir='ltr'>usu</span> <span class='ocrx_word' id='word_1_172' title='bbox 838 2457 938 2532; x_wconf 90' lang='lat' dir='ltr'>atque</span> <span class='ocrx_word' id='word_1_173' title='bbox 951 2457 1070 2513; x_wconf 88' lang='lat' dir='ltr'>natura</span> <span class='ocrx_word' id='word_1_174' title='bbox 1083 2445 1118 2512; x_wconf 91' lang='lat' dir='ltr'>in</span> <span class='ocrx_word' id='word_1_175' title='bbox 1130 2445 1254 2528; x_wconf 91' lang='lat' dir='ltr'>libello,</span> <span class='ocrx_word' id='word_1_176' title='bbox 1269 2467 1369 2532; x_wconf 92' lang='lat' dir='ltr'>quem</span> <span class='ocrx_word' id='word_1_177' title='bbox 1377 2441 1569 2510; x_wconf 87' lang='lat' dir='ltr'>Ratiborise</span> <span class='ocrx_word' id='word_1_178' title='bbox 1579 2444 1668 2531; x_wconf 90' lang='lat' dir='ltr'>apud</span> <span class='ocrx_word' id='word_1_179' title='bbox 1680 2444 1857 2511; x_wconf 86' lang='lat' dir='ltr'>Silesiaros·</span> <span class='ocrx_word' id='word_1_180' title='bbox 1865 2446 1908 2511; x_wconf 93' lang='lat' dir='ltr'>de</span> 
     </span>
     <span class='ocr_line' id='line_1_19' title="bbox 227 2553 1909 2648; baseline -0.001 -20"><span class='ocrx_word' id='word_1_181' title='bbox 227 2555 405 2628; x_wconf 88' lang='lat' dir='ltr'>Infinitivo</span> <span class='ocrx_word' id='word_1_182' title='bbox 425 2553 696 2642; x_wconf 86' lang='lat' dir='ltr'>conscripsimus,</span> <span class='ocrx_word' id='word_1_183' title='bbox 716 2559 744 2640; x_wconf 89' lang='lat'>§.</span> <span class='ocrx_word' id='word_1_184' title='bbox 759 2561 790 2625; x_wconf 86' lang='grc'>7.</span> <span class='ocrx_word' id='word_1_185' title='bbox 809 2557 916 2626; x_wconf 79' lang='lat' dir='ltr'>insius</span> <span class='ocrx_word' id='word_1_186' title='bbox 936 2561 1037 2629; x_wconf 87' lang='lat' dir='ltr'>locuti</span> <span class='ocrx_word' id='word_1_187' title='bbox 1057 2581 1184 2627; x_wconf 84' lang='lat' dir='ltr'>sumus.</span> <span class='ocrx_word' id='word_1_188' title='bbox 1228 2559 1296 2643; x_wconf 79' lang='lat' dir='ltr'>(Cf.</span> <span class='ocrx_word' id='word_1_189' title='bbox 1313 2561 1416 2627; x_wconf 87' lang='lat' dir='ltr'>etiam</span> <span class='ocrx_word' id='word_1_190' title='bbox 1433 2561 1675 2626; x_wconf 87' lang='lat' dir='ltr'>Buttmannum</span> <span class='ocrx_word' id='word_1_191' title='bbox 1691 2557 1844 2626; x_wconf 83' lang='lat' dir='ltr'>Gramm.</span> <span class='ocrx_word' id='word_1_192' title='bbox 1859 2582 1909 2648; x_wconf 88' lang='lat' dir='ltr'>gr.</span> 
     </span>
     <span class='ocr_line' id='line_1_20' title="bbox 139 2669 1908 2768; baseline 0.001 -27"><span class='ocrx_word' id='word_1_193' title='bbox 139 2755 142 2759; x_wconf 21' lang='grc' dir='ltr'>Ι</span> <span class='ocrx_word' id='word_1_194' title='bbox 226 2696 319 2744; x_wconf 82' lang='lat' dir='ltr'>max.</span> <span class='ocrx_word' id='word_1_195' title='bbox 331 2674 362 2754; x_wconf 87' lang='lat'>§.</span> <span class='ocrx_word' id='word_1_196' title='bbox 374 2669 427 2735; x_wconf 83' lang='lat'>75.</span> <span class='ocrx_word' id='word_1_197' title='bbox 447 2670 522 2736; x_wconf 91' lang='lat' dir='ltr'>adn.</span> <span class='ocrx_word' id='word_1_198' title='bbox 539 2670 566 2736; x_wconf 92' lang='lat'>1.</span> <span class='ocrx_word' id='word_1_199' title='bbox 589 2670 631 2738; x_wconf 87' lang='lat' dir='ltr'>de</span> <span class='ocrx_word' id='word_1_200' title='bbox 653 2674 785 2740; x_wconf 88' lang='lat' dir='ltr'>articuli</span> <span class='ocrx_word' id='word_1_201' title='bbox 799 2677 1020 2765; x_wconf 88' lang='lat' dir='ltr'>praepositivi</span> <span class='ocrx_word' id='word_1_202' title='bbox 1043 2688 1077 2744; x_wconf 91' lang='lat' dir='ltr'>et</span> <span class='ocrx_word' id='word_1_203' title='bbox 1095 2674 1308 2768; x_wconf 87' lang='lat' dir='ltr'>postpositivi</span> <span class='ocrx_word' id='word_1_204' title='bbox 1326 2686 1445 2743; x_wconf 88' lang='lat' dir='ltr'>natura</span> <span class='ocrx_word' id='word_1_205' title='bbox 1469 2686 1570 2758; x_wconf 89' lang='lat' dir='ltr'>atque</span> <span class='ocrx_word' id='word_1_206' title='bbox 1585 2672 1801 2759; x_wconf 86' lang='lat' dir='ltr'>discrimine.)</span> <span class='ocrx_word' id='word_1_207' title='bbox 1843 2676 1908 2744; x_wconf 90' lang='lat' dir='ltr'>Sed</span> 
     </span>
     <span class='ocr_line' id='line_1_21' title="bbox 227 2784 1910 2879; baseline 0.001 -24"><span class='ocrx_word' id='word_1_208' title='bbox 227 2812 294 2877; x_wconf 92' lang='lat' dir='ltr'>qno</span> <span class='ocrx_word' id='word_1_209' title='bbox 318 2787 422 2871; x_wconf 84' lang='lat' dir='ltr'>magis</span> <span class='ocrx_word' id='word_1_210' title='bbox 435 2784 494 2850; x_wconf 91' lang='lat' dir='ltr'>ille</span> <span class='ocrx_word' id='word_1_211' title='bbox 509 2784 641 2852; x_wconf 90' lang='lat' dir='ltr'>articuli</span> <span class='ocrx_word' id='word_1_212' title='bbox 661 2811 739 2856; x_wconf 88' lang='lat' dir='ltr'>usus</span> <span class='ocrx_word' id='word_1_213' title='bbox 760 2787 1051 2878; x_wconf 78' lang='lat' dir='ltr'>frequentabatur,</span> <span class='ocrx_word' id='word_1_214' title='bbox 1082 2816 1123 2858; x_wconf 88' lang='lat' dir='ltr'>eo</span> <span class='ocrx_word' id='word_1_215' title='bbox 1143 2793 1250 2879; x_wconf 85' lang='lat' dir='ltr'>magis</span> <span class='ocrx_word' id='word_1_216' title='bbox 1264 2813 1393 2858; x_wconf 83' lang='lat' dir='ltr'>novum</span> <span class='ocrx_word' id='word_1_217' title='bbox 1407 2787 1575 2878; x_wconf 85' lang='lat' dir='ltr'>quoddam</span> <span class='ocrx_word' id='word_1_218' title='bbox 1589 2809 1778 2878; x_wconf 89' lang='lat' dir='ltr'>pronomen</span> <span class='ocrx_word' id='word_1_219' title='bbox 1792 2811 1910 2856; x_wconf 89' lang='lat' dir='ltr'>neces·</span> 
     </span>
     <span class='ocr_line' id='line_1_22' title="bbox 226 2901 1909 2995; baseline -0.002 -22"><span class='ocrx_word' id='word_1_220' title='bbox 226 2906 355 2975; x_wconf 87' lang='lat' dir='ltr'>sarium</span> <span class='ocrx_word' id='word_1_221' title='bbox 376 2911 464 2984; x_wconf 89' lang='lat' dir='ltr'>erat,</span> <span class='ocrx_word' id='word_1_222' title='bbox 494 2920 561 2987; x_wconf 91' lang='lat' dir='ltr'>qno</span> <span class='ocrx_word' id='word_1_223' title='bbox 579 2924 652 2986; x_wconf 91' lang='lat' dir='ltr'>res,</span> <span class='ocrx_word' id='word_1_224' title='bbox 675 2924 760 2990; x_wconf 91' lang='lat' dir='ltr'>quae</span> <span class='ocrx_word' id='word_1_225' title='bbox 782 2905 856 2971; x_wconf 88' lang='lat' dir='ltr'>sive</span> <span class='ocrx_word' id='word_1_226' title='bbox 876 2919 1068 2995; x_wconf 82' lang='lat' dir='ltr'>praesentes</span> <span class='ocrx_word' id='word_1_227' title='bbox 1090 2919 1209 2974; x_wconf 85' lang='lat' dir='ltr'>revera</span> <span class='ocrx_word' id='word_1_228' title='bbox 1232 2919 1346 2989; x_wconf 90' lang='lat' dir='ltr'>erant,</span> <span class='ocrx_word' id='word_1_229' title='bbox 1368 2905 1441 2972; x_wconf 86' lang='lat' dir='ltr'>sive</span> <span class='ocrx_word' id='word_1_230' title='bbox 1461 2915 1592 2970; x_wconf 88' lang='lat' dir='ltr'>tantum</span> <span class='ocrx_word' id='word_1_231' title='bbox 1607 2901 1816 2990; x_wconf 82' lang='lat' dir='ltr'>fingebantur</span> <span class='ocrx_word' id='word_1_232' title='bbox 1828 2924 1909 2992; x_wconf 85' lang='lat' dir='ltr'>esse,</span> 
     </span>
     <span class='ocr_line' id='line_1_23' title="bbox 227 3016 1633 3113; baseline -0.002 -26"><span class='ocrx_word' id='word_1_233' title='bbox 227 3019 459 3088; x_wconf 89' lang='lat' dir='ltr'>indicarentur</span> <span class='ocrx_word' id='word_1_234' title='bbox 479 3025 510 3079; x_wconf 91' lang='lat' dir='ltr'>et</span> <span class='ocrx_word' id='word_1_235' title='bbox 523 3016 798 3102; x_wconf 86' lang='lat' dir='ltr'>ostenderentur,</span> <span class='ocrx_word' id='word_1_236' title='bbox 821 3042 961 3113; x_wconf 87' lang='lat' dir='ltr'>eamque</span> <span class='ocrx_word' id='word_1_237' title='bbox 982 3023 1155 3090; x_wconf 90' lang='lat' dir='ltr'>notionem</span> <span class='ocrx_word' id='word_1_238' title='bbox 1167 3021 1219 3090; x_wconf 81' lang='grc' dir='ltr'>ὅδε</span> <span class='ocrx_word' id='word_1_239' title='bbox 1233 3034 1267 3088; x_wconf 93' lang='lat' dir='ltr'>et</span> <span class='ocrx_word' id='word_1_240' title='bbox 1280 3016 1369 3097; x_wconf 74' lang='grc' dir='ltr'><strong><em>οὗτος</em></strong></span> <span class='ocrx_word' id='word_1_241' title='bbox 1386 3020 1633 3109; x_wconf 81' lang='lat' dir='ltr'>exprimebant.</span> 
     </span>
    </p>

    <p class='ocr_par' dir='ltr' id='par_1_10' title="bbox 198 3119 1912 4378">
     <span class='ocr_line' id='line_1_24' title="bbox 313 3119 1909 3228; baseline 0.004 -29"><span class='ocrx_word' id='word_1_242' title='bbox 313 3119 366 3212; x_wconf 68' lang='grc'>’2)</span> <span class='ocrx_word' id='word_1_243' title='bbox 379 3130 472 3214; x_wconf 82' lang='grc' dir='ltr'><strong><em>Ὅόε,</em></strong></span> <span class='ocrx_word' id='word_1_244' title='bbox 492 3129 562 3212; x_wconf 73' lang='grc' dir='ltr'><strong><em>ἥδε,</em></strong></span> <span class='ocrx_word' id='word_1_245' title='bbox 579 3135 649 3200; x_wconf 81' lang='grc' dir='ltr'><strong><em>τόδε</em></strong></span> <span class='ocrx_word' id='word_1_246' title='bbox 669 3132 765 3200; x_wconf 82' lang='lat' dir='ltr'>facile</span> <span class='ocrx_word' id='word_1_247' title='bbox 792 3145 883 3223; x_wconf 88' lang='lat' dir='ltr'>patet</span> <span class='ocrx_word' id='word_1_248' title='bbox 905 3161 923 3201; x_wconf 94' lang='lat' dir='ltr'>e</span> <span class='ocrx_word' id='word_1_249' title='bbox 946 3138 1099 3228; x_wconf 89' lang='lat' dir='ltr'>simplice</span> <span class='ocrx_word' id='word_1_250' title='bbox 1120 3121 1377 3203; x_wconf 85' lang='lat' dir='ltr'>demonstrativi</span> <span class='ocrx_word' id='word_1_251' title='bbox 1398 3133 1607 3223; x_wconf 86' lang='lat' dir='ltr'>pronominis</span> <span class='ocrx_word' id='word_1_252' title='bbox 1631 3131 1856 3220; x_wconf 78' lang='lat' dir='ltr'>formantque</span> <span class='ocrx_word' id='word_1_253' title='bbox 1873 3142 1909 3205; x_wconf 83' lang='grc' dir='ltr'>δέ</span> 
     </span>
     <span class='ocr_line' id='line_1_25' title="bbox 228 3246 1912 3342; baseline 0 -21"><span class='ocrx_word' id='word_1_254' title='bbox 228 3249 381 3321; x_wconf 89' lang='lat' dir='ltr'>enclitica</span> <span class='ocrx_word' id='word_1_255' title='bbox 400 3246 566 3334; x_wconf 87' lang='lat' dir='ltr'>particula</span> <span class='ocrx_word' id='word_1_256' title='bbox 588 3271 657 3315; x_wconf 90' lang='lat' dir='ltr'>esse</span> <span class='ocrx_word' id='word_1_257' title='bbox 677 3251 910 3339; x_wconf 88' lang='lat' dir='ltr'>compositum.</span> <span class='ocrx_word' id='word_1_258' title='bbox 952 3252 1081 3319; x_wconf 87' lang='lat' dir='ltr'>Eadem</span> <span class='ocrx_word' id='word_1_259' title='bbox 1095 3254 1348 3342; x_wconf 84' lang='lat' dir='ltr'>particularum</span> <span class='ocrx_word' id='word_1_260' title='bbox 1362 3261 1462 3333; x_wconf 83' lang='grc' dir='ltr'><strong><em>τοῖος,</em></strong></span> <span class='ocrx_word' id='word_1_261' title='bbox 1479 3251 1585 3332; x_wconf 78' lang='grc' dir='ltr'><strong><em>νόσος,</em></strong></span> <span class='ocrx_word' id='word_1_262' title='bbox 1601 3254 1721 3329; x_wconf 75' lang='grc' dir='ltr'><strong><em>τηλίκος</em></strong></span> <span class='ocrx_word' id='word_1_263' title='bbox 1735 3250 1770 3315; x_wconf 91' lang='lat' dir='ltr'>iu</span> <span class='ocrx_word' id='word_1_264' title='bbox 1783 3255 1912 3336; x_wconf 81' lang='grc' dir='ltr'><strong><em>τοιόςόε,</em></strong></span> 
     </span>
     <span class='ocr_line' id='line_1_26' title="bbox 228 3362 1909 3462; baseline 0.002 -29"><span class='ocrx_word' id='word_1_265' title='bbox 228 3369 369 3446; x_wconf 69' lang='grc' dir='ltr'><strong><em>ιὀσόςόι,</em></strong></span> <span class='ocrx_word' id='word_1_266' title='bbox 393 3364 545 3440; x_wconf 81' lang='grc' dir='ltr'><strong><em>τηλικόςδι</em></strong></span> <span class='ocrx_word' id='word_1_267' title='bbox 560 3365 776 3453; x_wconf 90' lang='lat' dir='ltr'>componitur</span> <span class='ocrx_word' id='word_1_268' title='bbox 789 3378 824 3433; x_wconf 88' lang='lat' dir='ltr'>et</span> <span class='ocrx_word' id='word_1_269' title='bbox 839 3365 882 3433; x_wconf 90' lang='lat' dir='ltr'>ad</span> <span class='ocrx_word' id='word_1_270' title='bbox 902 3371 1128 3438; x_wconf 84' lang='lat' dir='ltr'>accusativum</span> <span class='ocrx_word' id='word_1_271' title='bbox 1143 3368 1244 3435; x_wconf 90' lang='lat' dir='ltr'>etiam</span> <span class='ocrx_word' id='word_1_272' title='bbox 1256 3365 1409 3434; x_wconf 77' lang='lat' dir='ltr'>additare</span> <span class='ocrx_word' id='word_1_273' title='bbox 1432 3366 1567 3446; x_wconf 78' lang='grc' dir='ltr'>οἶκόνδε,</span> <span class='ocrx_word' id='word_1_274' title='bbox 1587 3362 1792 3462; x_wconf 71' lang='grc' dir='ltr'><strong><em>Οὔλυμπόνδε.</em></strong></span> <span class='ocrx_word' id='word_1_275' title='bbox 1835 3371 1909 3436; x_wconf 91' lang='lat' dir='ltr'>Has</span> 
     </span>
     <span class='ocr_line' id='line_1_27' title="bbox 227 3476 1909 3572; baseline 0 -21"><span class='ocrx_word' id='word_1_276' title='bbox 227 3483 318 3550; x_wconf 88' lang='lat' dir='ltr'>enim</span> <span class='ocrx_word' id='word_1_277' title='bbox 341 3476 521 3567; x_wconf 87' lang='lat' dir='ltr'>particulas</span> <span class='ocrx_word' id='word_1_278' title='bbox 547 3479 679 3546; x_wconf 88' lang='lat' dir='ltr'>easdem</span> <span class='ocrx_word' id='word_1_279' title='bbox 708 3504 796 3565; x_wconf 89' lang='lat' dir='ltr'>esse,</span> <span class='ocrx_word' id='word_1_280' title='bbox 829 3502 937 3568; x_wconf 89' lang='lat' dir='ltr'>neque</span> <span class='ocrx_word' id='word_1_281' title='bbox 964 3483 1130 3567; x_wconf 85' lang='lat' dir='ltr'>diversas,</span> <span class='ocrx_word' id='word_1_282' title='bbox 1159 3507 1204 3552; x_wconf 87' lang='lat' dir='ltr'>ex</span> <span class='ocrx_word' id='word_1_283' title='bbox 1231 3494 1371 3550; x_wconf 89' lang='lat' dir='ltr'>accentu</span> <span class='ocrx_word' id='word_1_284' title='bbox 1394 3491 1428 3547; x_wconf 93' lang='lat' dir='ltr'>et</span> <span class='ocrx_word' id='word_1_285' title='bbox 1447 3504 1467 3547; x_wconf 94' lang='lat' dir='ltr'>e</span> <span class='ocrx_word' id='word_1_286' title='bbox 1488 3481 1734 3568; x_wconf 83' lang='lat' dir='ltr'>significatione</span> <span class='ocrx_word' id='word_1_287' title='bbox 1756 3495 1805 3549; x_wconf 85' lang='lat' dir='ltr'>eat</span> <span class='ocrx_word' id='word_1_288' title='bbox 1824 3505 1909 3572; x_wconf 92' lang='lat' dir='ltr'>per·</span> 
     </span>
     <span class='ocr_line' id='line_1_28' title="bbox 226 3594 1910 3689; baseline 0.002 -23"><span class='ocrx_word' id='word_1_289' title='bbox 226 3600 391 3689; x_wconf 84' lang='lat' dir='ltr'>spicuam.</span> <span class='ocrx_word' id='word_1_290' title='bbox 435 3595 526 3661; x_wconf 86' lang='lat' dir='ltr'>Nam</span> <span class='ocrx_word' id='word_1_291' title='bbox 547 3597 582 3661; x_wconf 80' lang='grc' dir='ltr'>δέ</span> <span class='ocrx_word' id='word_1_292' title='bbox 602 3597 785 3684; x_wconf 87' lang='lat' dir='ltr'>particula,</span> <span class='ocrx_word' id='word_1_293' title='bbox 808 3597 849 3666; x_wconf 90' lang='lat' dir='ltr'>ad</span> <span class='ocrx_word' id='word_1_294' title='bbox 872 3601 1052 3666; x_wconf 88' lang='lat' dir='ltr'>accusativi</span> <span class='ocrx_word' id='word_1_295' title='bbox 1065 3599 1213 3667; x_wconf 82' lang='lat' dir='ltr'>formam</span> <span class='ocrx_word' id='word_1_296' title='bbox 1227 3597 1357 3679; x_wconf 89' lang='lat' dir='ltr'>addita,</span> <span class='ocrx_word' id='word_1_297' title='bbox 1380 3617 1494 3663; x_wconf 78' lang='lat' dir='ltr'>versus</span> <span class='ocrx_word' id='word_1_298' title='bbox 1508 3594 1669 3683; x_wconf 87' lang='lat' dir='ltr'>significat</span> <span class='ocrx_word' id='word_1_299' title='bbox 1682 3596 1861 3684; x_wconf 89' lang='lat' dir='ltr'>oculosque</span> <span class='ocrx_word' id='word_1_300' title='bbox 1875 3615 1910 3669; x_wconf 88' lang='lat' dir='ltr'>et</span> 
     </span>
     <span class='ocr_line' id='line_1_29' title="bbox 227 3692 1909 3805; baseline 0 -23"><span class='ocrx_word' id='word_1_301' title='bbox 227 3692 379 3783; x_wconf 88' lang='lat' dir='ltr'>animum</span> <span class='ocrx_word' id='word_1_302' title='bbox 395 3707 436 3776; x_wconf 90' lang='lat' dir='ltr'>ad</span> <span class='ocrx_word' id='word_1_303' title='bbox 457 3731 531 3776; x_wconf 87' lang='lat' dir='ltr'>rem</span> <span class='ocrx_word' id='word_1_304' title='bbox 549 3710 697 3797; x_wconf 87' lang='lat' dir='ltr'>aliquam</span> <span class='ocrx_word' id='word_1_305' title='bbox 714 3711 857 3780; x_wconf 85' lang='lat' dir='ltr'>advertit</span> <span class='ocrx_word' id='word_1_306' title='bbox 870 3726 969 3799; x_wconf 86' lang='lat' dir='ltr'>atque</span> <span class='ocrx_word' id='word_1_307' title='bbox 982 3714 1133 3800; x_wconf 83' lang='lat' dir='ltr'>advocat,</span> <span class='ocrx_word' id='word_1_308' title='bbox 1155 3716 1274 3805; x_wconf 80' lang='grc' dir='ltr'><strong><em>οἶκόνδε</em></strong></span> <span class='ocrx_word' id='word_1_309' title='bbox 1295 3711 1434 3779; x_wconf 86' lang='lat' dir='ltr'>domum</span> <span class='ocrx_word' id='word_1_310' title='bbox 1448 3734 1579 3797; x_wconf 81' lang='lat' dir='ltr'>versus,</span> <span class='ocrx_word' id='word_1_311' title='bbox 1601 3713 1646 3788; x_wconf 83' lang='grc' dir='ltr'>εἷς</span> <span class='ocrx_word' id='word_1_312' title='bbox 1657 3711 1750 3780; x_wconf 77' lang='grc' dir='ltr'><strong><em>ἅλαδε</em></strong></span> <span class='ocrx_word' id='word_1_313' title='bbox 1764 3715 1801 3780; x_wconf 81' lang='lat' dir='ltr'>in</span> <span class='ocrx_word' id='word_1_314' title='bbox 1813 3738 1909 3783; x_wconf 84' lang='lat' dir='ltr'>more</span> 
     </span>
     <span class='ocr_line' id='line_1_30' title="bbox 226 3823 1908 3919; baseline 0 -26"><span class='ocrx_word' id='word_1_315' title='bbox 226 3836 364 3910; x_wconf 79' lang='lat' dir='ltr'>versus,</span> <span class='ocrx_word' id='word_1_316' title='bbox 390 3823 591 3916; x_wconf 80' lang='grc' dir='ltr'><strong><em>Θόλομιιόνδε</em></strong></span> <span class='ocrx_word' id='word_1_317' title='bbox 615 3825 653 3891; x_wconf 83' lang='lat' dir='ltr'>in</span> <span class='ocrx_word' id='word_1_318' title='bbox 674 3825 861 3916; x_wconf 75' lang='lat' dir='ltr'>Olympum</span> <span class='ocrx_word' id='word_1_319' title='bbox 883 3838 1005 3897; x_wconf 78' lang='lat' dir='ltr'>versus.</span> <span class='ocrx_word' id='word_1_320' title='bbox 1048 3832 1164 3919; x_wconf 87' lang='lat' dir='ltr'>ltaque</span> <span class='ocrx_word' id='word_1_321' title='bbox 1185 3831 1237 3898; x_wconf 81' lang='lat' dir='ltr'>dds</span> <span class='ocrx_word' id='word_1_322' title='bbox 1259 3850 1392 3917; x_wconf 88' lang='lat' dir='ltr'>qnoque</span> <span class='ocrx_word' id='word_1_323' title='bbox 1409 3826 1503 3916; x_wconf 88' lang='lat' dir='ltr'>qnasi</span> <span class='ocrx_word' id='word_1_324' title='bbox 1517 3825 1724 3894; x_wconf 88' lang='lat' dir='ltr'>audientium</span> <span class='ocrx_word' id='word_1_325' title='bbox 1741 3829 1853 3900; x_wconf 86' lang='lat' dir='ltr'>oculos</span> <span class='ocrx_word' id='word_1_326' title='bbox 1872 3845 1908 3900; x_wconf 87' lang='lat' dir='ltr'>et</span> 
     </span>
     <span class='ocr_line' id='line_1_31' title="bbox 198 3926 1906 4034; baseline -0.003 -21"><span class='ocrx_word' id='word_1_327' title='bbox 198 3962 211 3981; x_wconf 60' lang='lat'><strong>⁸</strong></span> <span class='ocrx_word' id='word_1_328' title='bbox 226 3955 376 4013; x_wconf 90' lang='lat' dir='ltr'>mentem</span> <span class='ocrx_word' id='word_1_329' title='bbox 390 3940 433 4006; x_wconf 91' lang='lat' dir='ltr'>ad</span> <span class='ocrx_word' id='word_1_330' title='bbox 448 3963 521 4007; x_wconf 92' lang='lat' dir='ltr'>rem</span> <span class='ocrx_word' id='word_1_331' title='bbox 535 3952 754 4007; x_wconf 89' lang='lat' dir='ltr'>monstratam</span> <span class='ocrx_word' id='word_1_332' title='bbox 769 3947 955 4029; x_wconf 85' lang='lat' dir='ltr'>convertit,</span> <span class='ocrx_word' id='word_1_333' title='bbox 983 3949 1104 4034; x_wconf 83' lang='lat' dir='ltr'>quum,</span> <span class='ocrx_word' id='word_1_334' title='bbox 1124 3968 1191 4033; x_wconf 92' lang='lat' dir='ltr'>qno</span> <span class='ocrx_word' id='word_1_335' title='bbox 1206 3966 1324 4013; x_wconf 83' lang='lat' dir='ltr'>versus</span> <span class='ocrx_word' id='word_1_336' title='bbox 1340 3926 1470 4011; x_wconf 88' lang='lat' dir='ltr'>animus</span> <span class='ocrx_word' id='word_1_337' title='bbox 1482 3941 1526 4007; x_wconf 90' lang='lat' dir='ltr'>sit</span> <span class='ocrx_word' id='word_1_338' title='bbox 1540 3941 1775 4026; x_wconf 88' lang='lat' dir='ltr'>attendendus,</span> <span class='ocrx_word' id='word_1_339' title='bbox 1798 3945 1906 4031; x_wconf 86' lang='lat' dir='ltr'>signi-</span> 
     </span>
     <span class='ocr_line' id='line_1_32' title="bbox 228 4055 1909 4143; baseline 0.002 -17"><span class='ocrx_word' id='word_1_340' title='bbox 228 4059 315 4127; x_wconf 81' lang='lat' dir='ltr'>licet.</span> <span class='ocrx_word' id='word_1_341' title='bbox 356 4056 486 4123; x_wconf 89' lang='lat' dir='ltr'>Eadem</span> <span class='ocrx_word' id='word_1_342' title='bbox 509 4055 675 4143; x_wconf 89' lang='lat' dir='ltr'>particula</span> <span class='ocrx_word' id='word_1_343' title='bbox 705 4056 808 4124; x_wconf 85' lang='lat' dir='ltr'>etiam</span> <span class='ocrx_word' id='word_1_344' title='bbox 837 4061 879 4126; x_wconf 90' lang='lat' dir='ltr'>ad</span> <span class='ocrx_word' id='word_1_345' title='bbox 901 4061 1062 4129; x_wconf 88' lang='lat' dir='ltr'>adverbia</span> <span class='ocrx_word' id='word_1_346' title='bbox 1092 4060 1233 4128; x_wconf 87' lang='lat' dir='ltr'>additur.</span> <span class='ocrx_word' id='word_1_347' title='bbox 1283 4061 1336 4129; x_wconf 87' lang='lat' dir='ltr'>Ita</span> <span class='ocrx_word' id='word_1_348' title='bbox 1361 4083 1405 4128; x_wconf 88' lang='lat' dir='ltr'>ex</span> <span class='ocrx_word' id='word_1_349' title='bbox 1426 4057 1508 4126; x_wconf 70' lang='grc' dir='ltr'><strong><em>ἔνθα</em></strong></span> <span class='ocrx_word' id='word_1_350' title='bbox 1532 4057 1572 4123; x_wconf 87' lang='lat' dir='ltr'>tit</span> <span class='ocrx_word' id='word_1_351' title='bbox 1594 4058 1722 4139; x_wconf 68' lang='grc' dir='ltr'><strong><em>ἐνθάδε,</em></strong></span> <span class='ocrx_word' id='word_1_352' title='bbox 1750 4081 1794 4124; x_wconf 86' lang='lat' dir='ltr'>ex</span> <span class='ocrx_word' id='word_1_353' title='bbox 1812 4059 1909 4130; x_wconf 62' lang='lat' dir='ltr'>sassa</span> 
     </span>
     <span class='ocr_line' id='line_1_33' title="bbox 230 4172 1911 4265; baseline 0 -20"><span class='ocrx_word' id='word_1_354' title='bbox 230 4175 372 4252; x_wconf 66' lang='grc' dir='ltr'><strong><em>ἐνθένδε,</em></strong></span> <span class='ocrx_word' id='word_1_355' title='bbox 404 4192 447 4236; x_wconf 86' lang='lat' dir='ltr'>ex</span> <span class='ocrx_word' id='word_1_356' title='bbox 464 4177 572 4253; x_wconf 81' lang='grc' dir='ltr'><strong><em>τηνίκα</em></strong></span> <span class='ocrx_word' id='word_1_357' title='bbox 591 4175 748 4253; x_wconf 79' lang='grc' dir='ltr'><strong><em>τηνικάδε,</em></strong></span> <span class='ocrx_word' id='word_1_358' title='bbox 781 4187 814 4239; x_wconf 89' lang='lat' dir='ltr'>et</span> <span class='ocrx_word' id='word_1_359' title='bbox 836 4196 900 4263; x_wconf 92' lang='lat' dir='ltr'>pro</span> <span class='ocrx_word' id='word_1_360' title='bbox 921 4183 1016 4261; x_wconf 77' lang='grc' dir='ltr'><strong><em>τῆμος</em></strong></span> <span class='ocrx_word' id='word_1_361' title='bbox 1037 4177 1259 4245; x_wconf 85' lang='lat' dir='ltr'>Callimachus</span> <span class='ocrx_word' id='word_1_362' title='bbox 1285 4188 1337 4243; x_wconf 92' lang='lat' dir='ltr'>et.</span> <span class='ocrx_word' id='word_1_363' title='bbox 1344 4173 1549 4265; x_wconf 81' lang='lat' dir='ltr'>Apollonius</span> <span class='ocrx_word' id='word_1_364' title='bbox 1577 4172 1726 4239; x_wconf 85' lang='lat' dir='ltr'>Rhodius</span> <span class='ocrx_word' id='word_1_365' title='bbox 1748 4172 1911 4246; x_wconf 84' lang='lat' dir='ltr'>dixerunt</span> 
     </span>
     <span class='ocr_line' id='line_1_34' title="bbox 227 4283 1048 4378; baseline -0.002 -20"><span class='ocrx_word' id='word_1_366' title='bbox 227 4291 362 4378; x_wconf 73' lang='grc' dir='ltr'><strong><em>τημόςδε.</em></strong></span> <span class='ocrx_word' id='word_1_367' title='bbox 407 4283 561 4351; x_wconf 82' lang='lat' dir='ltr'>Gallim</span> <span class='ocrx_word' id='word_1_368' title='bbox 550 4287 678 4356; x_wconf 86' lang='lat' dir='ltr'>rnIov.</span> <span class='ocrx_word' id='word_1_369' title='bbox 688 4294 742 4355; x_wconf 83' lang='lat' dir='ltr'>at.</span> <span class='ocrx_word' id='word_1_370' title='bbox 764 4287 881 4378; x_wconf 87' lang='lat' dir='ltr'>Apoll.</span> <span class='ocrx_word' id='word_1_371' title='bbox 898 4291 951 4377; x_wconf 87' lang='grc' dir='ltr'>ΙΙ,</span> <span class='ocrx_word' id='word_1_372' title='bbox 973 4295 1048 4360; x_wconf 84' lang='grc'><strong>957.</strong></span> 
     </span>
    </p>

    <p class='ocr_par' dir='ltr' id='par_1_11' title="bbox 230 4402 1908 4614">
     <span class='ocr_line' id='line_1_35' title="bbox 332 4402 1908 4494; baseline 0.005 -25"><span class='ocrx_word' id='word_1_373' title='bbox 332 4404 492 4475; x_wconf 86' lang='lat' dir='ltr'>Alterum</span> <span class='ocrx_word' id='word_1_374' title='bbox 510 4419 698 4488; x_wconf 90' lang='lat' dir='ltr'>pronomen</span> <span class='ocrx_word' id='word_1_375' title='bbox 714 4402 1086 4492; x_wconf 86' lang='lat' dir='ltr'>demonstrativum,</span> <span class='ocrx_word' id='word_1_376' title='bbox 1049 4434 1157 4494; x_wconf 74' lang='grc' dir='ltr'><strong><em>ουτος,</em></strong></span> <span class='ocrx_word' id='word_1_377' title='bbox 1181 4435 1275 4488; x_wconf 82' lang='grc' dir='ltr'><strong><em>αντη,</em></strong></span> <span class='ocrx_word' id='word_1_378' title='bbox 1295 4413 1398 4487; x_wconf 80' lang='grc' dir='ltr'><strong><em>τουτο,</em></strong></span> <span class='ocrx_word' id='word_1_379' title='bbox 1420 4429 1438 4473; x_wconf 89' lang='lat' dir='ltr'>e</span> <span class='ocrx_word' id='word_1_380' title='bbox 1458 4406 1601 4494; x_wconf 88' lang='lat' dir='ltr'>repetita</span> <span class='ocrx_word' id='word_1_381' title='bbox 1623 4402 1772 4471; x_wconf 89' lang='lat' dir='ltr'>eiusdem</span> <span class='ocrx_word' id='word_1_382' title='bbox 1787 4409 1908 4477; x_wconf 86' lang='lat' dir='ltr'>radicis</span> 
     </span>
     <span class='ocr_line' id='line_1_36' title="bbox 230 4514 1907 4614; baseline -0.002 -22"><span class='ocrx_word' id='word_1_383' title='bbox 230 4524 518 4601; x_wconf 81' lang='lat' dir='ltr'>formaexortnm</span> <span class='ocrx_word' id='word_1_384' title='bbox 542 4525 599 4585; x_wconf 80' lang='lat' dir='ltr'>est.</span> <span class='ocrx_word' id='word_1_385' title='bbox 642 4514 712 4604; x_wconf 87' lang='lat' dir='ltr'>At,</span> <span class='ocrx_word' id='word_1_386' title='bbox 734 4515 862 4603; x_wconf 89' lang='lat' dir='ltr'>inquiet</span> <span class='ocrx_word' id='word_1_387' title='bbox 882 4520 1065 4614; x_wconf 84' lang='lat' dir='ltr'>quispiam,</span> <span class='ocrx_word' id='word_1_388' title='bbox 1089 4547 1130 4592; x_wconf 87' lang='lat' dir='ltr'>eo</span> <span class='ocrx_word' id='word_1_389' title='bbox 1150 4523 1254 4591; x_wconf 92' lang='lat' dir='ltr'>modo</span> <span class='ocrx_word' id='word_1_390' title='bbox 1272 4522 1360 4600; x_wconf 79' lang='grc' dir='ltr'><strong><em>ότος,</em></strong></span> <span class='ocrx_word' id='word_1_391' title='bbox 1382 4543 1453 4591; x_wconf 89' lang='lat' dir='ltr'>non</span> <span class='ocrx_word' id='word_1_392' title='bbox 1473 4514 1585 4605; x_wconf 70' lang='lat' dir='ltr'>cisoa,</span> <span class='ocrx_word' id='word_1_393' title='bbox 1599 4520 1711 4608; x_wconf 90' lang='lat' dir='ltr'>potuit</span> <span class='ocrx_word' id='word_1_394' title='bbox 1725 4523 1826 4590; x_wconf 88' lang='lat' dir='ltr'>nasci.</span> <span class='ocrx_word' id='word_1_395' title='bbox 1866 4524 1907 4589; x_wconf 90' lang='lat' dir='ltr'>Id</span> 
     </span>
    </p>
   </div>
   <div class='ocr_carea' id='block_1_5' title="bbox 0 0 2164 5414">
    <p class='ocr_par' dir='ltr' id='par_1_12' title="bbox 0 0 2164 5414">
     <span class='ocr_line' id='line_1_37' title="bbox 0 0 2164 5414; baseline 0 3"><span class='ocrx_word' id='word_1_396' title='bbox 0 0 2164 5414; x_wconf 95' lang='lat' dir='ltr'> </span> 
     </span>
    </p>
   </div>
  </div>
 </body>
</html>
