<?xml version="1.0" encoding="UTF-8"?>
<!DOCTYPE html PUBLIC "-//W3C//DTD XHTML 1.0 Transitional//EN"
    "http://www.w3.org/TR/xhtml1/DTD/xhtml1-transitional.dtd">
<html xmlns="http://www.w3.org/1999/xhtml" xml:lang="en" lang="en">
 <head>
  <title>
</title>
<meta http-equiv="Content-Type" content="text/html;charset=utf-8" />
  <meta name='ocr-system' content='tesseract 3.04.00' />
  <meta name='ocr-capabilities' content='ocr_page ocr_carea ocr_par ocr_line ocrx_word'/>
</head>
<body>
  <div class='ocr_page' id='page_1' title='image "./maxschmidtiicom00schmgoog_0028.png"; bbox 0 0 4320 5414; ppageno 0'>
   <div class='ocr_carea' id='block_1_1' title="bbox 1658 339 1852 467">
    <p class='ocr_par' dir='ltr' id='par_1_1' title="bbox 1658 339 1852 467">
     <span class='ocr_line' id='line_1_1' title="bbox 1658 339 1852 467; baseline 0.046 -87"><span class='ocrx_word' id='word_1_1' title='bbox 1658 339 1687 380; x_wconf 86' lang='grc'><strong>-,</strong></span> <span class='ocrx_word' id='word_1_2' title='bbox 1773 347 1852 467; x_wconf 17' lang='lat'><strong>„1</strong></span> 
     </span>
    </p>
   </div>
   <div class='ocr_carea' id='block_1_2' title="bbox 128 547 1917 875">
    <p class='ocr_par' dir='ltr' id='par_1_2' title="bbox 128 547 1917 875">
     <span class='ocr_line' id='line_1_2' title="bbox 129 547 1917 646; baseline -0.004 -20"><span class='ocrx_word' id='word_1_3' title='bbox 129 553 307 626; x_wconf 78' lang='lat' dir='ltr'><strong>isuadere</strong></span> <span class='ocrx_word' id='word_1_4' title='bbox 328 550 523 631; x_wconf 84' lang='lat' dir='ltr'><strong>videbatur,</strong></span> <span class='ocrx_word' id='word_1_5' title='bbox 550 547 592 619; x_wconf 83' lang='lat' dir='ltr'><strong>de</strong></span> <span class='ocrx_word' id='word_1_6' title='bbox 614 569 680 637; x_wconf 89' lang='lat' dir='ltr'><strong>qua</strong></span> <span class='ocrx_word' id='word_1_7' title='bbox 699 569 785 615; x_wconf 79' lang='lat' dir='ltr'><strong>voce</strong></span> <span class='ocrx_word' id='word_1_8' title='bbox 806 547 1011 646; x_wconf 83' lang='lat' dir='ltr'><strong>vide§.17.</strong></span> <span class='ocrx_word' id='word_1_9' title='bbox 1062 550 1163 616; x_wconf 85' lang='lat' dir='ltr'><strong>Hanc</strong></span> <span class='ocrx_word' id='word_1_10' title='bbox 1183 560 1339 619; x_wconf 83' lang='lat' dir='ltr'><strong>veterum</strong></span> <span class='ocrx_word' id='word_1_11' title='bbox 1367 551 1663 638; x_wconf 84' lang='lat' dir='ltr'><strong>grammaticorum</strong></span> <span class='ocrx_word' id='word_1_12' title='bbox 1683 565 1824 628; x_wconf 56' lang='lat' dir='ltr'><strong>sentens</strong></span> <span class='ocrx_word' id='word_1_13' title='bbox 1915 589 1917 594; x_wconf 61' lang='lat'>=</span> 
     </span>
     <span class='ocr_line' id='line_1_3' title="bbox 131 663 1822 757; baseline -0.003 -17"><span class='ocrx_word' id='word_1_14' title='bbox 131 670 216 740; x_wconf 85' lang='lat' dir='ltr'><strong>tiam</strong></span> <span class='ocrx_word' id='word_1_15' title='bbox 232 670 279 738; x_wconf 88' lang='lat' dir='ltr'><strong>its</strong></span> <span class='ocrx_word' id='word_1_16' title='bbox 300 668 535 750; x_wconf 87' lang='lat' dir='ltr'><strong>Hermannus,</strong></span> <span class='ocrx_word' id='word_1_17' title='bbox 562 663 798 749; x_wconf 86' lang='lat' dir='ltr'><strong>Thierschins,</strong></span> <span class='ocrx_word' id='word_1_18' title='bbox 819 664 1043 733; x_wconf 86' lang='lat' dir='ltr'><strong>Buttmannus</strong></span> <span class='ocrx_word' id='word_1_19' title='bbox 1061 667 1165 734; x_wconf 88' lang='lat' dir='ltr'><strong>secuti</strong></span> <span class='ocrx_word' id='word_1_20' title='bbox 1186 679 1282 754; x_wconf 91' lang='lat' dir='ltr'><strong>sunt,</strong></span> <span class='ocrx_word' id='word_1_21' title='bbox 1311 681 1351 735; x_wconf 89' lang='lat' dir='ltr'><strong>ut</strong></span> <span class='ocrx_word' id='word_1_22' title='bbox 1366 668 1491 754; x_wconf 86' lang='lat' dir='ltr'><strong>aliquid</strong></span> <span class='ocrx_word' id='word_1_23' title='bbox 1511 670 1576 736; x_wconf 91' lang='lat' dir='ltr'><strong>sibi</strong></span> <span class='ocrx_word' id='word_1_24' title='bbox 1598 670 1701 757; x_wconf 82' lang='lat' dir='ltr'><strong>egisse</strong></span> <span class='ocrx_word' id='word_1_25' title='bbox 1724 669 1822 738; x_wconf 83' lang='lat' dir='ltr'><strong>vide·</strong></span> 
     </span>
     <span class='ocr_line' id='line_1_4' title="bbox 128 773 1883 875; baseline -0.003 -19"><span class='ocrx_word' id='word_1_26' title='bbox 128 798 267 872; x_wconf 84' lang='lat' dir='ltr'><strong>rentur,</strong></span> <span class='ocrx_word' id='word_1_27' title='bbox 289 805 395 873; x_wconf 89' lang='lat' dir='ltr'><strong>quum</strong></span> <span class='ocrx_word' id='word_1_28' title='bbox 415 778 628 873; x_wconf 73' lang='lat' dir='ltr'><strong>pronominis</strong></span> <span class='ocrx_word' id='word_1_29' title='bbox 652 773 708 863; x_wconf 74' lang='lat' dir='ltr'><strong>oi,</strong></span> <span class='ocrx_word' id='word_1_30' title='bbox 736 775 783 864; x_wconf 82' lang='grc' dir='ltr'><strong>οἷ,</strong></span> <span class='ocrx_word' id='word_1_31' title='bbox 813 780 1072 849; x_wconf 61' lang='lat' dir='ltr'><strong>&amp;declinationi</strong></span> <span class='ocrx_word' id='word_1_32' title='bbox 1091 783 1373 850; x_wconf 80' lang='lat' dir='ltr'><strong>nominativumi</strong></span> <span class='ocrx_word' id='word_1_33' title='bbox 1395 784 1564 855; x_wconf 85' lang='lat' dir='ltr'><strong>adderent.</strong></span> <span class='ocrx_word' id='word_1_34' title='bbox 1598 784 1658 852; x_wconf 79' lang='grc' dir='ltr'><strong>,Δι</strong></span> <span class='ocrx_word' id='word_1_35' title='bbox 1676 785 1727 852; x_wconf 92' lang='lat' dir='ltr'><strong>illi</strong></span> <span class='ocrx_word' id='word_1_36' title='bbox 1747 807 1819 852; x_wconf 89' lang='lat' dir='ltr'><strong>nou</strong></span> <span class='ocrx_word' id='word_1_37' title='bbox 1877 861 1883 875; x_wconf 43' lang='grc' dir='ltr'><strong><em>Ι</em></strong></span> 
     </span>
    </p>
   </div>
   <div class='ocr_carea' id='block_1_3' title="bbox 17 896 1871 993">
    <p class='ocr_par' dir='ltr' id='par_1_3' title="bbox 17 896 1871 993">
     <span class='ocr_line' id='line_1_5' title="bbox 17 896 1871 993; baseline -0.003 -22"><span class='ocrx_word' id='word_1_38' title='bbox 17 919 19 922; x_wconf 74' lang='grc'>’</span> <span class='ocrx_word' id='word_1_39' title='bbox 129 911 390 993; x_wconf 71' lang='lat' dir='ltr'><strong>reputaverunt,</strong></span> <span class='ocrx_word' id='word_1_40' title='bbox 411 918 601 987; x_wconf 85' lang='lat' dir='ltr'><strong>pronomen</strong></span> <span class='ocrx_word' id='word_1_41' title='bbox 623 896 838 986; x_wconf 86' lang='lat' dir='ltr'><strong>reciprocum</strong></span> <span class='ocrx_word' id='word_1_42' title='bbox 858 896 1109 966; x_wconf 78' lang='lat' dir='ltr'><strong>nominativum</strong></span> <span class='ocrx_word' id='word_1_43' title='bbox 1130 899 1252 966; x_wconf 82' lang='lat' dir='ltr'><strong>habere</strong></span> <span class='ocrx_word' id='word_1_44' title='bbox 1273 923 1344 965; x_wconf 91' lang='lat' dir='ltr'><strong>non</strong></span> <span class='ocrx_word' id='word_1_45' title='bbox 1364 922 1479 988; x_wconf 87' lang='lat' dir='ltr'><strong>posse,</strong></span> <span class='ocrx_word' id='word_1_46' title='bbox 1503 924 1571 989; x_wconf 89' lang='lat' dir='ltr'><strong>quo</strong></span> <span class='ocrx_word' id='word_1_47' title='bbox 1585 924 1664 968; x_wconf 87' lang='lat' dir='ltr'><strong>casu</strong></span> <span class='ocrx_word' id='word_1_48' title='bbox 1680 924 1742 967; x_wconf 92' lang='lat' dir='ltr'><strong>cur</strong></span> <span class='ocrx_word' id='word_1_49' title='bbox 1757 901 1821 967; x_wconf 88' lang='lat' dir='ltr'><strong>de·</strong></span> <span class='ocrx_word' id='word_1_50' title='bbox 1866 983 1871 988; x_wconf 87' lang='lat'><strong>.</strong></span> 
     </span>
    </p>
   </div>
   <div class='ocr_carea' id='block_1_4' title="bbox 62 1011 1822 1346">
    <p class='ocr_par' dir='ltr' id='par_1_4' title="bbox 62 1011 1822 1346">
     <span class='ocr_line' id='line_1_6' title="bbox 128 1011 1822 1119; baseline 0 -37"><span class='ocrx_word' id='word_1_51' title='bbox 128 1019 240 1101; x_wconf 65' lang='lat' dir='ltr'><strong>ficht,</strong></span> <span class='ocrx_word' id='word_1_52' title='bbox 261 1020 292 1101; x_wconf 83' lang='lat'><strong>§.</strong></span> <span class='ocrx_word' id='word_1_53' title='bbox 314 1019 345 1081; x_wconf 88' lang='grc'><strong>6.</strong></span> <span class='ocrx_word' id='word_1_54' title='bbox 367 1015 476 1080; x_wconf 64' lang='lat' dir='ltr'><strong>Nes.</strong></span> <span class='ocrx_word' id='word_1_55' title='bbox 498 1011 731 1100; x_wconf 84' lang='lat' dir='ltr'><strong>explicabitur.</strong></span> <span class='ocrx_word' id='word_1_56' title='bbox 775 1014 920 1098; x_wconf 84' lang='lat' dir='ltr'><strong>Contra,</strong></span> <span class='ocrx_word' id='word_1_57' title='bbox 949 1037 1054 1104; x_wconf 88' lang='lat' dir='ltr'><strong>quum</strong></span> <span class='ocrx_word' id='word_1_58' title='bbox 1078 1026 1148 1082; x_wconf 91' lang='lat' dir='ltr'><strong>tam</strong></span> <span class='ocrx_word' id='word_1_59' title='bbox 1168 1017 1296 1083; x_wconf 86' lang='lat' dir='ltr'><strong>multae</strong></span> <span class='ocrx_word' id='word_1_60' title='bbox 1317 1039 1370 1119; x_wconf 81' lang='lat' dir='ltr'><strong>res</strong></span> <span class='ocrx_word' id='word_1_61' title='bbox 1387 1017 1404 1082; x_wconf 77' lang='lat' dir='ltr'><strong>‘s&#39;</strong></span> <span class='ocrx_word' id='word_1_62' title='bbox 1423 1015 1622 1105; x_wconf 87' lang='lat' dir='ltr'><strong>scripturam</strong></span> <span class='ocrx_word' id='word_1_63' title='bbox 1643 1039 1822 1084; x_wconf 89' lang='lat' dir='ltr'><strong>commen·</strong></span> 
     </span>
     <span class='ocr_line' id='line_1_7' title="bbox 129 1128 1821 1219; baseline -0.002 -16"><span class='ocrx_word' id='word_1_64' title='bbox 129 1136 269 1215; x_wconf 73' lang='lat' dir='ltr'><strong>darem,</strong></span> <span class='ocrx_word' id='word_1_65' title='bbox 291 1129 358 1197; x_wconf 86' lang='lat' dir='ltr'><strong>nisi</strong></span> <span class='ocrx_word' id='word_1_66' title='bbox 382 1151 503 1195; x_wconf 85' lang='lat' dir='ltr'><strong>revera</strong></span> <span class='ocrx_word' id='word_1_67' title='bbox 528 1128 771 1216; x_wconf 75' lang='lat' dir='ltr'><strong>ipronomen,</strong></span> <span class='ocrx_word' id='word_1_68' title='bbox 801 1128 837 1194; x_wconf 92' lang='lat' dir='ltr'><strong>id</strong></span> <span class='ocrx_word' id='word_1_69' title='bbox 860 1129 950 1216; x_wconf 93' lang='lat' dir='ltr'><strong>quod</strong></span> <span class='ocrx_word' id='word_1_70' title='bbox 970 1153 1061 1197; x_wconf 89' lang='lat' dir='ltr'><strong>nunc</strong></span> <span class='ocrx_word' id='word_1_71' title='bbox 1083 1131 1274 1218; x_wconf 86' lang='lat' dir='ltr'><strong>linguarum</strong></span> <span class='ocrx_word' id='word_1_72' title='bbox 1296 1143 1515 1219; x_wconf 82' lang='lat' dir='ltr'><strong>cognatarum</strong></span> <span class='ocrx_word' id='word_1_73' title='bbox 1536 1153 1701 1198; x_wconf 88' lang='lat' dir='ltr'><strong>consensu</strong></span> <span class='ocrx_word' id='word_1_74' title='bbox 1724 1155 1821 1200; x_wconf 91' lang='lat' dir='ltr'><strong>com·</strong></span> 
     </span>
     <span class='ocr_line' id='line_1_8' title="bbox 62 1242 1822 1346; baseline -0.003 -29"><span class='ocrx_word' id='word_1_75' title='bbox 62 1330 66 1346; x_wconf 35' lang='grc' dir='ltr'>Ι</span> <span class='ocrx_word' id='word_1_76' title='bbox 125 1250 309 1342; x_wconf 89' lang='lat' dir='ltr'><strong>probatum</strong></span> <span class='ocrx_word' id='word_1_77' title='bbox 330 1255 395 1327; x_wconf 86' lang='lat' dir='ltr'><strong>est,</strong></span> <span class='ocrx_word' id='word_1_78' title='bbox 422 1242 602 1327; x_wconf 78' lang='lat' dir='ltr'><strong>extitisset,</strong></span> <span class='ocrx_word' id='word_1_79' title='bbox 632 1243 773 1322; x_wconf 86' lang='lat' dir='ltr'><strong>omuino</strong></span> <span class='ocrx_word' id='word_1_80' title='bbox 791 1244 936 1332; x_wconf 87' lang='lat' dir='ltr'><strong>intelligi</strong></span> <span class='ocrx_word' id='word_1_81' title='bbox 957 1270 1029 1316; x_wconf 89' lang='lat' dir='ltr'><strong>non</strong></span> <span class='ocrx_word' id='word_1_82' title='bbox 1048 1259 1178 1336; x_wconf 86' lang='lat' dir='ltr'><strong>posset,</strong></span> <span class='ocrx_word' id='word_1_83' title='bbox 1201 1248 1260 1333; x_wconf 88' lang='lat' dir='ltr'><strong>qui</strong></span> <span class='ocrx_word' id='word_1_84' title='bbox 1278 1246 1409 1317; x_wconf 84' lang='lat' dir='ltr'><strong>factum</strong></span> <span class='ocrx_word' id='word_1_85' title='bbox 1430 1259 1532 1330; x_wconf 79' lang='lat' dir='ltr'><strong>esset,</strong></span> <span class='ocrx_word' id='word_1_86' title='bbox 1553 1259 1592 1313; x_wconf 91' lang='lat' dir='ltr'><strong>ut</strong></span> <span class='ocrx_word' id='word_1_87' title='bbox 1612 1247 1822 1334; x_wconf 84' lang='lat' dir='ltr'><strong>grammatici</strong></span> 
     </span>
    </p>
   </div>
   <div class='ocr_carea' id='block_1_5' title="bbox 14 1357 1890 1456">
    <p class='ocr_par' dir='ltr' id='par_1_5' title="bbox 14 1357 1890 1456">
     <span class='ocr_line' id='line_1_9' title="bbox 14 1357 1890 1456; baseline -0.004 -21"><span class='ocrx_word' id='word_1_88' title='bbox 14 1446 17 1450; x_wconf 38' lang='grc'><em>,</em></span> <span class='ocrx_word' id='word_1_89' title='bbox 88 1428 92 1441; x_wconf 80' lang='grc'>,</span> <span class='ocrx_word' id='word_1_90' title='bbox 127 1366 265 1456; x_wconf 84' lang='lat' dir='ltr'><strong>quidem</strong></span> <span class='ocrx_word' id='word_1_91' title='bbox 284 1361 322 1430; x_wconf 87' lang='lat' dir='ltr'><strong>in</strong></span> <span class='ocrx_word' id='word_1_92' title='bbox 340 1357 522 1429; x_wconf 72' lang='lat' dir='ltr'><strong>ilormam</strong></span> <span class='ocrx_word' id='word_1_93' title='bbox 543 1359 739 1427; x_wconf 82' lang='lat' dir='ltr'><strong>inciderent.</strong></span> <span class='ocrx_word' id='word_1_94' title='bbox 784 1359 917 1448; x_wconf 87' lang='lat' dir='ltr'><strong>Quibus</strong></span> <span class='ocrx_word' id='word_1_95' title='bbox 927 1364 1144 1453; x_wconf 48' lang='lat' dir='ltr'><strong>“argumentis</strong></span> <span class='ocrx_word' id='word_1_96' title='bbox 1166 1365 1316 1432; x_wconf 73' lang='lat' dir='ltr'><strong>ttertise</strong></span> <span class='ocrx_word' id='word_1_97' title='bbox 1336 1388 1503 1454; x_wconf 84' lang='lat' dir='ltr'><strong>personae</strong></span> <span class='ocrx_word' id='word_1_98' title='bbox 1525 1364 1701 1451; x_wconf 83' lang='lat' dir='ltr'><strong>antiquum</strong></span> <span class='ocrx_word' id='word_1_99' title='bbox 1720 1361 1824 1428; x_wconf 84' lang='lat' dir='ltr'><strong>fuisse</strong></span> <span class='ocrx_word' id='word_1_100' title='bbox 1868 1367 1890 1391; x_wconf 53' lang='lat'><strong>&#39;⁴</strong></span> 
     </span>
    </p>
   </div>
   <div class='ocr_carea' id='block_1_6' title="bbox 125 1473 1944 2498">
    <p class='ocr_par' dir='ltr' id='par_1_6' title="bbox 126 1473 1837 1687">
     <span class='ocr_line' id='line_1_10' title="bbox 126 1473 1837 1576; baseline -0.003 -27"><span class='ocrx_word' id='word_1_101' title='bbox 126 1503 339 1573; x_wconf 89' lang='lat' dir='ltr'><strong>pronomen,</strong></span> <span class='ocrx_word' id='word_1_102' title='bbox 376 1473 608 1564; x_wconf 85' lang='lat' dir='ltr'><strong>convincitur,</strong></span> <span class='ocrx_word' id='word_1_103' title='bbox 647 1498 726 1543; x_wconf 91' lang='lat' dir='ltr'><strong>eum</strong></span> <span class='ocrx_word' id='word_1_104' title='bbox 764 1477 914 1546; x_wconf 85' lang='lat' dir='ltr'><strong>eiusdem</strong></span> <span class='ocrx_word' id='word_1_105' title='bbox 943 1501 1110 1571; x_wconf 86' lang='lat' dir='ltr'><strong>personae</strong></span> <span class='ocrx_word' id='word_1_106' title='bbox 1138 1480 1344 1576; x_wconf 88' lang='lat' dir='ltr'><strong>pronomine</strong></span> <span class='ocrx_word' id='word_1_107' title='bbox 1369 1480 1408 1550; x_wconf 89' lang='lat' dir='ltr'><strong>in</strong></span> <span class='ocrx_word' id='word_1_108' title='bbox 1435 1480 1554 1547; x_wconf 86' lang='lat' dir='ltr'><strong>ceteris</strong></span> <span class='ocrx_word' id='word_1_109' title='bbox 1573 1477 1707 1565; x_wconf 82' lang='lat' dir='ltr'><strong>linguis</strong></span> <span class='ocrx_word' id='word_1_110' title='bbox 1736 1493 1837 1544; x_wconf 81' lang='lat' dir='ltr'><strong>con-¹</strong></span> 
     </span>
     <span class='ocr_line' id='line_1_11' title="bbox 127 1619 357 1687; baseline -0.004 -19"><span class='ocrx_word' id='word_1_111' title='bbox 127 1619 263 1687; x_wconf 80' lang='lat' dir='ltr'><strong>gruum</strong></span> <span class='ocrx_word' id='word_1_112' title='bbox 352 1636 357 1649; x_wconf 88' lang='lat'><strong>·</strong></span> 
     </span>
    </p>

    <p class='ocr_par' dir='ltr' id='par_1_7' title="bbox 125 1709 1944 2498">
     <span class='ocr_line' id='line_1_12' title="bbox 231 1709 1864 1806; baseline 0.001 -29"><span class='ocrx_word' id='word_1_113' title='bbox 231 1714 268 1796; x_wconf 77' lang='lat' dir='ltr'><strong>d)</strong></span> <span class='ocrx_word' id='word_1_114' title='bbox 288 1715 363 1780; x_wconf 82' lang='lat' dir='ltr'><strong>Iam</strong></span> <span class='ocrx_word' id='word_1_115' title='bbox 381 1713 440 1800; x_wconf 92' lang='lat' dir='ltr'><strong>qui</strong></span> <span class='ocrx_word' id='word_1_116' title='bbox 461 1714 706 1806; x_wconf 76' lang='lat' dir='ltr'><strong>iprcnominis</strong></span> <span class='ocrx_word' id='word_1_117' title='bbox 720 1720 812 1783; x_wconf 80' lang='lat' dir='ltr'><strong>cesus</strong></span> <span class='ocrx_word' id='word_1_118' title='bbox 825 1717 1012 1806; x_wconf 70' lang='lat' dir='ltr'><strong>supersint,</strong></span> <span class='ocrx_word' id='word_1_119' title='bbox 1032 1717 1291 1791; x_wconf 70' lang='lat' dir='ltr'><strong>videndumest.</strong></span> <span class='ocrx_word' id='word_1_120' title='bbox 1334 1716 1446 1804; x_wconf 89' lang='lat' dir='ltr'><strong>Atque</strong></span> <span class='ocrx_word' id='word_1_121' title='bbox 1461 1717 1491 1782; x_wconf 87' lang='lat' dir='ltr'><strong>si</strong></span> <span class='ocrx_word' id='word_1_122' title='bbox 1509 1717 1597 1805; x_wconf 84' lang='lat' dir='ltr'><strong>apud</strong></span> <span class='ocrx_word' id='word_1_123' title='bbox 1610 1713 1821 1803; x_wconf 87' lang='lat' dir='ltr'><strong>Hesychium</strong></span> <span class='ocrx_word' id='word_1_124' title='bbox 1863 1709 1864 1713; x_wconf 62' lang='grc'>’</span> 
     </span>
     <span class='ocr_line' id='line_1_13' title="bbox 127 1828 1820 1924; baseline -0.001 -28"><span class='ocrx_word' id='word_1_125' title='bbox 127 1859 153 1901; x_wconf 81' lang='lat' dir='ltr'><strong>s.</strong></span> <span class='ocrx_word' id='word_1_126' title='bbox 170 1854 205 1900; x_wconf 82' lang='lat' dir='ltr'><strong>v.</strong></span> <span class='ocrx_word' id='word_1_127' title='bbox 229 1829 260 1897; x_wconf 77' lang='lat' dir='ltr'><strong>i&#39;v</strong></span> <span class='ocrx_word' id='word_1_128' title='bbox 280 1828 432 1896; x_wconf 86' lang='lat' dir='ltr'><strong>additum</strong></span> <span class='ocrx_word' id='word_1_129' title='bbox 455 1840 521 1914; x_wconf 84' lang='lat' dir='ltr'><strong>est,</strong></span> <span class='ocrx_word' id='word_1_130' title='bbox 548 1828 660 1915; x_wconf 73' lang='grc' dir='ltr'><em>αὖτῆν,</em></span> <span class='ocrx_word' id='word_1_131' title='bbox 680 1830 797 1900; x_wconf 70' lang='lat' dir='ltr'><strong>&#39;ciris‘</strong></span> <span class='ocrx_word' id='word_1_132' title='bbox 825 1837 977 1921; x_wconf 70' lang='grc' dir='ltr'><strong><em>Κύπριοι,</em></strong></span> <span class='ocrx_word' id='word_1_133' title='bbox 1002 1847 1037 1901; x_wconf 84' lang='lat' dir='ltr'><strong>et</strong></span> <span class='ocrx_word' id='word_1_134' title='bbox 1055 1832 1084 1899; x_wconf 89' lang='lat' dir='ltr'><strong>si</strong></span> <span class='ocrx_word' id='word_1_135' title='bbox 1105 1832 1205 1924; x_wconf 93' lang='lat' dir='ltr'><strong>apud</strong></span> <span class='ocrx_word' id='word_1_136' title='bbox 1217 1833 1361 1898; x_wconf 88' lang='lat' dir='ltr'><strong>eundem</strong></span> <span class='ocrx_word' id='word_1_137' title='bbox 1383 1829 1430 1900; x_wconf 78' lang='lat' dir='ltr'><strong>siv</strong></span> <span class='ocrx_word' id='word_1_138' title='bbox 1449 1856 1510 1921; x_wconf 85' lang='lat' dir='ltr'><strong>per</strong></span> <span class='ocrx_word' id='word_1_139' title='bbox 1530 1835 1646 1908; x_wconf 71' lang='grc' dir='ltr'><strong><em>ἐκεῖνος</em></strong></span> <span class='ocrx_word' id='word_1_140' title='bbox 1662 1829 1820 1917; x_wconf 74' lang='lat' dir='ltr'><strong>(forsitan</strong></span> 
     </span>
     <span class='ocr_line' id='line_1_14' title="bbox 126 1943 1821 2037; baseline -0.006 -17"><span class='ocrx_word' id='word_1_141' title='bbox 126 1951 243 2020; x_wconf 72' lang='grc' dir='ltr'><strong>ἐκεῖνον</strong></span> <span class='ocrx_word' id='word_1_142' title='bbox 269 1944 483 2018; x_wconf 83' lang='lat' dir='ltr'><strong>scribendum</strong></span> <span class='ocrx_word' id='word_1_143' title='bbox 504 1944 561 2032; x_wconf 90' lang='lat' dir='ltr'><strong>sit)</strong></span> <span class='ocrx_word' id='word_1_144' title='bbox 582 1947 786 2035; x_wconf 89' lang='lat' dir='ltr'><strong>explicatur,</strong></span> <span class='ocrx_word' id='word_1_145' title='bbox 812 1949 873 2017; x_wconf 89' lang='lat' dir='ltr'><strong>hos</strong></span> <span class='ocrx_word' id='word_1_146' title='bbox 894 1949 1108 2036; x_wconf 88' lang='lat' dir='ltr'><strong>pronominis</strong></span> <span class='ocrx_word' id='word_1_147' title='bbox 1129 1949 1237 2014; x_wconf 82' lang='lat' dir='ltr'><strong>nostri</strong></span> <span class='ocrx_word' id='word_1_148' title='bbox 1258 1949 1464 2014; x_wconf 88' lang='lat' dir='ltr'><strong>accusativos</strong></span> <span class='ocrx_word' id='word_1_149' title='bbox 1486 1971 1574 2030; x_wconf 88' lang='lat' dir='ltr'><strong>esse,</strong></span> <span class='ocrx_word' id='word_1_150' title='bbox 1604 1959 1703 2037; x_wconf 87' lang='lat' dir='ltr'><strong>patet.</strong></span> <span class='ocrx_word' id='word_1_151' title='bbox 1747 1943 1821 2032; x_wconf 88' lang='lat' dir='ltr'><strong>Qui</strong></span> 
     </span>
     <span class='ocr_line' id='line_1_15' title="bbox 125 2050 1820 2151; baseline -0.006 -18"><span class='ocrx_word' id='word_1_152' title='bbox 125 2060 305 2133; x_wconf 79' lang='lat' dir='ltr'><strong>accusativi</strong></span> <span class='ocrx_word' id='word_1_153' title='bbox 324 2059 367 2126; x_wconf 91' lang='lat' dir='ltr'><strong>ab</strong></span> <span class='ocrx_word' id='word_1_154' title='bbox 392 2058 477 2126; x_wconf 74' lang='lat' dir='ltr'><strong>tiu</strong></span> <span class='ocrx_word' id='word_1_155' title='bbox 497 2059 676 2147; x_wconf 83' lang='lat' dir='ltr'><strong>differunt,</strong></span> <span class='ocrx_word' id='word_1_156' title='bbox 711 2076 750 2130; x_wconf 84' lang='lat' dir='ltr'><strong>ut</strong></span> <span class='ocrx_word' id='word_1_157' title='bbox 770 2063 789 2132; x_wconf 69' lang='lat' dir='ltr'><strong>i</strong></span> <span class='ocrx_word' id='word_1_158' title='bbox 812 2086 874 2151; x_wconf 77' lang='lat' dir='ltr'><strong>se,</strong></span> <span class='ocrx_word' id='word_1_159' title='bbox 894 2066 925 2132; x_wconf 77' lang='lat' dir='ltr'><strong>l&#39;r</strong></span> <span class='ocrx_word' id='word_1_160' title='bbox 952 2087 1029 2131; x_wconf 80' lang='lat' dir='ltr'><strong>eum</strong></span> <span class='ocrx_word' id='word_1_161' title='bbox 1055 2062 1230 2151; x_wconf 85' lang='lat' dir='ltr'><strong>significet.</strong></span> <span class='ocrx_word' id='word_1_162' title='bbox 1273 2065 1370 2131; x_wconf 91' lang='lat' dir='ltr'><strong>Haec</strong></span> <span class='ocrx_word' id='word_1_163' title='bbox 1392 2063 1571 2130; x_wconf 87' lang='lat' dir='ltr'><strong>accusativi</strong></span> <span class='ocrx_word' id='word_1_164' title='bbox 1598 2050 1711 2130; x_wconf 79' lang='lat' dir='ltr'><strong>fornia</strong></span> <span class='ocrx_word' id='word_1_165' title='bbox 1729 2058 1820 2148; x_wconf 90' lang='lat' dir='ltr'><strong>apud</strong></span> 
     </span>
     <span class='ocr_line' id='line_1_16' title="bbox 125 2173 1821 2268; baseline -0.004 -21"><span class='ocrx_word' id='word_1_166' title='bbox 125 2179 298 2248; x_wconf 84' lang='lat' dir='ltr'><strong>neminem</strong></span> <span class='ocrx_word' id='word_1_167' title='bbox 325 2173 532 2265; x_wconf 86' lang='lat' dir='ltr'><strong>scriptorum</strong></span> <span class='ocrx_word' id='word_1_168' title='bbox 558 2189 694 2246; x_wconf 84' lang='lat' dir='ltr'><strong>servata</strong></span> <span class='ocrx_word' id='word_1_169' title='bbox 714 2200 787 2246; x_wconf 86' lang='lat' dir='ltr'><strong>esse</strong></span> <span class='ocrx_word' id='word_1_170' title='bbox 806 2180 951 2250; x_wconf 86' lang='lat' dir='ltr'><strong>videtur.</strong></span> <span class='ocrx_word' id='word_1_171' title='bbox 993 2181 1086 2246; x_wconf 85' lang='lat' dir='ltr'><strong>Nam</strong></span> <span class='ocrx_word' id='word_1_172' title='bbox 1106 2197 1205 2266; x_wconf 84' lang='lat' dir='ltr'><strong>quem</strong></span> <span class='ocrx_word' id='word_1_173' title='bbox 1225 2180 1339 2245; x_wconf 90' lang='lat' dir='ltr'><strong>locum</strong></span> <span class='ocrx_word' id='word_1_174' title='bbox 1360 2179 1456 2268; x_wconf 81' lang='lat' dir='ltr'><strong>Ibyci</strong></span> <span class='ocrx_word' id='word_1_175' title='bbox 1475 2180 1675 2265; x_wconf 85' lang='lat' dir='ltr'><strong>Hartungus</strong></span> <span class='ocrx_word' id='word_1_176' title='bbox 1696 2200 1728 2266; x_wconf 91' lang='lat' dir='ltr'><strong>p.</strong></span> <span class='ocrx_word' id='word_1_177' title='bbox 1747 2180 1821 2242; x_wconf 88' lang='lat'><strong>118.</strong></span> 
     </span>
     <span class='ocr_line' id='line_1_17' title="bbox 125 2269 1909 2384; baseline -0.003 -19"><span class='ocrx_word' id='word_1_178' title='bbox 125 2286 243 2381; x_wconf 81' lang='lat' dir='ltr'><strong>affert,</strong></span> <span class='ocrx_word' id='word_1_179' title='bbox 270 2315 351 2360; x_wconf 88' lang='lat' dir='ltr'><strong>eum</strong></span> <span class='ocrx_word' id='word_1_180' title='bbox 371 2314 461 2376; x_wconf 88' lang='lat' dir='ltr'><strong>non,</strong></span> <span class='ocrx_word' id='word_1_181' title='bbox 490 2304 529 2360; x_wconf 84' lang='lat' dir='ltr'><strong>ut</strong></span> <span class='ocrx_word' id='word_1_182' title='bbox 550 2292 608 2360; x_wconf 88' lang='lat' dir='ltr'><strong>ille</strong></span> <span class='ocrx_word' id='word_1_183' title='bbox 628 2294 720 2377; x_wconf 86' lang='lat' dir='ltr'><strong>vult,</strong></span> <span class='ocrx_word' id='word_1_184' title='bbox 740 2290 762 2375; x_wconf 70' lang='lat' dir='ltr'><strong>a]</strong></span> <span class='ocrx_word' id='word_1_185' title='bbox 773 2288 837 2381; x_wconf 75' lang='lat' dir='ltr'><strong>pair</strong></span> <span class='ocrx_word' id='word_1_186' title='bbox 854 2299 976 2384; x_wconf 80' lang='grc' dir='ltr'><strong><em>τρομέω</em></strong></span> <span class='ocrx_word' id='word_1_187' title='bbox 992 2293 1024 2380; x_wconf 77' lang='grc' dir='ltr'><strong>γ’</strong></span> <span class='ocrx_word' id='word_1_188' title='bbox 1041 2295 1072 2362; x_wconf 77' lang='lat' dir='ltr'><strong>ir</strong></span> <span class='ocrx_word' id='word_1_189' title='bbox 1094 2296 1314 2381; x_wconf 72' lang='grc' dir='ltr'><strong><em>ἐπερχόμενον,</em></strong></span> <span class='ocrx_word' id='word_1_190' title='bbox 1343 2295 1400 2361; x_wconf 90' lang='lat' dir='ltr'><strong>sed</strong></span> <span class='ocrx_word' id='word_1_191' title='bbox 1422 2314 1527 2379; x_wconf 90' lang='lat' dir='ltr'><strong>quum</strong></span> <span class='ocrx_word' id='word_1_192' title='bbox 1544 2294 1583 2360; x_wconf 93' lang='lat' dir='ltr'><strong>in</strong></span> <span class='ocrx_word' id='word_1_193' title='bbox 1602 2286 1717 2359; x_wconf 89' lang='lat' dir='ltr'><strong>codice</strong></span> <span class='ocrx_word' id='word_1_194' title='bbox 1740 2316 1818 2379; x_wconf 85' lang='grc' dir='ltr'><strong><em>τρο-</em></strong></span> <span class='ocrx_word' id='word_1_195' title='bbox 1872 2269 1876 2275; x_wconf 35' lang='lat'>⁵</span> <span class='ocrx_word' id='word_1_196' title='bbox 1907 2323 1909 2327; x_wconf 42' lang='lat'><strong>¹</strong></span> 
     </span>
     <span class='ocr_line' id='line_1_18' title="bbox 126 2400 1944 2498; baseline -0.002 -18"><span class='ocrx_word' id='word_1_197' title='bbox 126 2413 209 2498; x_wconf 61' lang='lat' dir='ltr'><strong>,stov</strong></span> <span class='ocrx_word' id='word_1_198' title='bbox 227 2410 257 2479; x_wconf 75' lang='lat' dir='ltr'><strong>tv</strong></span> <span class='ocrx_word' id='word_1_199' title='bbox 277 2406 440 2497; x_wconf 80' lang='lat' dir='ltr'><strong>scriptum</strong></span> <span class='ocrx_word' id='word_1_200' title='bbox 458 2407 520 2493; x_wconf 83' lang='lat' dir='ltr'><strong>sit,</strong></span> <span class='ocrx_word' id='word_1_201' title='bbox 541 2411 663 2495; x_wconf 70' lang='grc' dir='ltr'><strong><em>τρομέω</em></strong></span> <span class='ocrx_word' id='word_1_202' title='bbox 683 2436 732 2476; x_wconf 76' lang='lat' dir='ltr'><strong>aar</strong></span> <span class='ocrx_word' id='word_1_203' title='bbox 752 2411 969 2478; x_wconf 86' lang='lat' dir='ltr'><strong>scribendum</strong></span> <span class='ocrx_word' id='word_1_204' title='bbox 990 2433 1077 2491; x_wconf 85' lang='lat' dir='ltr'><strong>esse,</strong></span> <span class='ocrx_word' id='word_1_205' title='bbox 1099 2423 1191 2497; x_wconf 88' lang='lat' dir='ltr'><strong>puto.</strong></span> <span class='ocrx_word' id='word_1_206' title='bbox 1235 2410 1392 2475; x_wconf 90' lang='lat' dir='ltr'><strong>Eundem</strong></span> <span class='ocrx_word' id='word_1_207' title='bbox 1407 2409 1633 2474; x_wconf 83' lang='lat' dir='ltr'><strong>accusativum</strong></span> <span class='ocrx_word' id='word_1_208' title='bbox 1647 2409 1823 2477; x_wconf 80' lang='lat' dir='ltr'><strong>Herman-</strong></span> <span class='ocrx_word' id='word_1_209' title='bbox 1937 2400 1944 2412; x_wconf 52' lang='lat'><em>⁶</em></span> 
     </span>
    </p>
   </div>
   <div class='ocr_carea' id='block_1_7' title="bbox 126 2512 1968 2612">
    <p class='ocr_par' dir='ltr' id='par_1_8' title="bbox 126 2512 1968 2612">
     <span class='ocr_line' id='line_1_19' title="bbox 126 2512 1968 2612; baseline -0.004 -18"><span class='ocrx_word' id='word_1_210' title='bbox 126 2548 193 2595; x_wconf 87' lang='lat' dir='ltr'><strong>nus</strong></span> <span class='ocrx_word' id='word_1_211' title='bbox 216 2536 250 2591; x_wconf 85' lang='lat' dir='ltr'><strong>et</strong></span> <span class='ocrx_word' id='word_1_212' title='bbox 270 2522 495 2588; x_wconf 75' lang='lat' dir='ltr'><strong>Thierscltius</strong></span> <span class='ocrx_word' id='word_1_213' title='bbox 516 2523 664 2586; x_wconf 81' lang='lat' dir='ltr'><strong>Pindaro</strong></span> <span class='ocrx_word' id='word_1_214' title='bbox 683 2521 858 2590; x_wconf 80' lang='lat' dir='ltr'><strong>vindicare</strong></span> <span class='ocrx_word' id='word_1_215' title='bbox 877 2512 1068 2592; x_wconf 85' lang='lat' dir='ltr'><strong>voluerunt.</strong></span> <span class='ocrx_word' id='word_1_216' title='bbox 1112 2522 1216 2612; x_wconf 90' lang='lat' dir='ltr'><strong>Apud</strong></span> <span class='ocrx_word' id='word_1_217' title='bbox 1236 2544 1337 2608; x_wconf 89' lang='lat' dir='ltr'><strong>quem</strong></span> <span class='ocrx_word' id='word_1_218' title='bbox 1357 2521 1386 2586; x_wconf 91' lang='lat' dir='ltr'><strong>si</strong></span> <span class='ocrx_word' id='word_1_219' title='bbox 1402 2545 1484 2587; x_wconf 88' lang='lat' dir='ltr'><strong>vere</strong></span> <span class='ocrx_word' id='word_1_220' title='bbox 1504 2521 1683 2604; x_wconf 85' lang='lat' dir='ltr'><strong>extitisset,</strong></span> <span class='ocrx_word' id='word_1_221' title='bbox 1704 2523 1823 2609; x_wconf 88' lang='lat' dir='ltr'><strong>Hesy·</strong></span> <span class='ocrx_word' id='word_1_222' title='bbox 1861 2548 1862 2552; x_wconf 45' lang='lat'>¹</span> <span class='ocrx_word' id='word_1_223' title='bbox 1966 2529 1968 2538; x_wconf 86' lang='grc'>’</span> 
     </span>
    </p>
   </div>
   <div class='ocr_carea' id='block_1_8' title="bbox 124 2624 1833 3313">
    <p class='ocr_par' dir='ltr' id='par_1_9' title="bbox 124 2624 1833 3313">
     <span class='ocr_line' id='line_1_20' title="bbox 125 2624 1822 2724; baseline -0.005 -16"><span class='ocrx_word' id='word_1_224' title='bbox 125 2640 223 2708; x_wconf 88' lang='lat' dir='ltr'><strong>chius</strong></span> <span class='ocrx_word' id='word_1_225' title='bbox 246 2636 316 2705; x_wconf 88' lang='lat' dir='ltr'><strong>eius</strong></span> <span class='ocrx_word' id='word_1_226' title='bbox 345 2635 477 2703; x_wconf 81' lang='lat' dir='ltr'><strong>formae</strong></span> <span class='ocrx_word' id='word_1_227' title='bbox 507 2635 726 2724; x_wconf 84' lang='lat' dir='ltr'><strong>explicandae</strong></span> <span class='ocrx_word' id='word_1_228' title='bbox 758 2658 891 2722; x_wconf 84' lang='lat' dir='ltr'><strong>caussa,</strong></span> <span class='ocrx_word' id='word_1_229' title='bbox 922 2637 1043 2722; x_wconf 86' lang='lat' dir='ltr'><strong>credo,</strong></span> <span class='ocrx_word' id='word_1_230' title='bbox 1073 2639 1114 2705; x_wconf 92' lang='lat' dir='ltr'><strong>ad</strong></span> <span class='ocrx_word' id='word_1_231' title='bbox 1141 2637 1249 2719; x_wconf 91' lang='lat' dir='ltr'><strong>illius,</strong></span> <span class='ocrx_word' id='word_1_232' title='bbox 1281 2647 1319 2702; x_wconf 89' lang='lat' dir='ltr'><strong>ut</strong></span> <span class='ocrx_word' id='word_1_233' title='bbox 1341 2624 1499 2702; x_wconf 87' lang='lat' dir='ltr'><strong>celebrati</strong></span> <span class='ocrx_word' id='word_1_234' title='bbox 1519 2637 1655 2724; x_wconf 74' lang='lat' dir='ltr'><strong>poiitse,</strong></span> <span class='ocrx_word' id='word_1_235' title='bbox 1684 2659 1754 2701; x_wconf 90' lang='lat' dir='ltr'><strong>non</strong></span> <span class='ocrx_word' id='word_1_236' title='bbox 1777 2635 1822 2701; x_wconf 86' lang='lat' dir='ltr'><strong>ad</strong></span> 
     </span>
     <span class='ocr_line' id='line_1_21' title="bbox 128 2734 1821 2846; baseline -0.005 -21"><span class='ocrx_word' id='word_1_237' title='bbox 128 2755 335 2846; x_wconf 84' lang='lat' dir='ltr'><strong>Cypriorum</strong></span> <span class='ocrx_word' id='word_1_238' title='bbox 365 2734 597 2820; x_wconf 78' lang='lat' dir='ltr'><strong>anctoritatem</strong></span> <span class='ocrx_word' id='word_1_239' title='bbox 623 2765 849 2841; x_wconf 80' lang='lat' dir='ltr'><strong>provocasset.</strong></span> <span class='ocrx_word' id='word_1_240' title='bbox 893 2752 993 2820; x_wconf 84' lang='lat' dir='ltr'><strong>Alios</strong></span> <span class='ocrx_word' id='word_1_241' title='bbox 1021 2767 1133 2821; x_wconf 83' lang='lat' dir='ltr'><strong>sutem</strong></span> <span class='ocrx_word' id='word_1_242' title='bbox 1163 2773 1256 2819; x_wconf 84' lang='lat' dir='ltr'><strong>ossus</strong></span> <span class='ocrx_word' id='word_1_243' title='bbox 1277 2750 1416 2838; x_wconf 84' lang='lat' dir='ltr'><strong>ignoro,</strong></span> <span class='ocrx_word' id='word_1_244' title='bbox 1451 2750 1518 2816; x_wconf 87' lang='lat' dir='ltr'><strong>nisi</strong></span> <span class='ocrx_word' id='word_1_245' title='bbox 1539 2750 1626 2819; x_wconf 85' lang='lat' dir='ltr'><strong>forte</strong></span> <span class='ocrx_word' id='word_1_246' title='bbox 1648 2751 1688 2820; x_wconf 78' lang='lat' dir='ltr'><strong>dv</strong></span> <span class='ocrx_word' id='word_1_247' title='bbox 1711 2751 1821 2841; x_wconf 83' lang='lat' dir='ltr'><strong>parti·</strong></span> 
     </span>
     <span class='ocr_line' id='line_1_22' title="bbox 126 2855 1833 2954; baseline -0.005 -13"><span class='ocrx_word' id='word_1_248' title='bbox 126 2874 237 2941; x_wconf 84' lang='lat' dir='ltr'><strong>culam</strong></span> <span class='ocrx_word' id='word_1_249' title='bbox 267 2889 346 2934; x_wconf 89' lang='lat' dir='ltr'><strong>cum</strong></span> <span class='ocrx_word' id='word_1_250' title='bbox 376 2867 440 2932; x_wconf 93' lang='lat' dir='ltr'><strong>hoc</strong></span> <span class='ocrx_word' id='word_1_251' title='bbox 467 2866 672 2954; x_wconf 84' lang='lat' dir='ltr'><strong>pronomine</strong></span> <span class='ocrx_word' id='word_1_252' title='bbox 699 2855 879 2936; x_wconf 87' lang='lat' dir='ltr'><strong>cohaerere</strong></span> <span class='ocrx_word' id='word_1_253' title='bbox 902 2870 1036 2936; x_wconf 83' lang='lat' dir='ltr'><strong>dixeris.</strong></span> <span class='ocrx_word' id='word_1_254' title='bbox 1079 2871 1171 2936; x_wconf 92' lang='lat' dir='ltr'><strong>Nam</strong></span> <span class='ocrx_word' id='word_1_255' title='bbox 1194 2889 1298 2952; x_wconf 88' lang='lat' dir='ltr'><strong>quum</strong></span> <span class='ocrx_word' id='word_1_256' title='bbox 1321 2868 1358 2934; x_wconf 89' lang='lat' dir='ltr'><strong>in</strong></span> <span class='ocrx_word' id='word_1_257' title='bbox 1380 2869 1496 2934; x_wconf 86' lang='lat' dir='ltr'><strong>ceteris</strong></span> <span class='ocrx_word' id='word_1_258' title='bbox 1516 2866 1638 2953; x_wconf 83' lang='lat' dir='ltr'><strong>linguis</strong></span> <span class='ocrx_word' id='word_1_259' title='bbox 1661 2870 1675 2933; x_wconf 87' lang='lat' dir='ltr'><strong>i</strong></span> <span class='ocrx_word' id='word_1_260' title='bbox 1697 2868 1833 2948; x_wconf 74' lang='lat' dir='ltr'><strong>littera,</strong></span> 
     </span>
     <span class='ocr_line' id='line_1_23' title="bbox 124 2966 1818 3077; baseline -0.002 -23"><span class='ocrx_word' id='word_1_261' title='bbox 124 2981 211 3077; x_wconf 84' lang='lat' dir='ltr'><strong>quae</strong></span> <span class='ocrx_word' id='word_1_262' title='bbox 236 2981 337 3050; x_wconf 89' lang='lat' dir='ltr'><strong>huius</strong></span> <span class='ocrx_word' id='word_1_263' title='bbox 365 2981 578 3071; x_wconf 83' lang='lat' dir='ltr'><strong>pronominis</strong></span> <span class='ocrx_word' id='word_1_264' title='bbox 607 2977 706 3050; x_wconf 82' lang='lat' dir='ltr'><strong>radix</strong></span> <span class='ocrx_word' id='word_1_265' title='bbox 731 2994 796 3066; x_wconf 87' lang='lat' dir='ltr'><strong>est,</strong></span> <span class='ocrx_word' id='word_1_266' title='bbox 818 2983 1003 3052; x_wconf 85' lang='lat' dir='ltr'><strong>admodum</strong></span> <span class='ocrx_word' id='word_1_267' title='bbox 1032 2984 1158 3068; x_wconf 87' lang='lat' dir='ltr'><strong>variet,</strong></span> <span class='ocrx_word' id='word_1_268' title='bbox 1179 2980 1218 3049; x_wconf 75' lang='lat' dir='ltr'><strong>iia</strong></span> <span class='ocrx_word' id='word_1_269' title='bbox 1239 2982 1345 3072; x_wconf 84' lang='lat' dir='ltr'><strong>possit</strong></span> <span class='ocrx_word' id='word_1_270' title='bbox 1366 2982 1437 3048; x_wconf 89' lang='lat' dir='ltr'><strong>eius</strong></span> <span class='ocrx_word' id='word_1_271' title='bbox 1459 3006 1529 3048; x_wconf 89' lang='lat' dir='ltr'><strong>esse</strong></span> <span class='ocrx_word' id='word_1_272' title='bbox 1550 2966 1731 3066; x_wconf 81' lang='lat' dir='ltr'><strong>locativus,</strong></span> <span class='ocrx_word' id='word_1_273' title='bbox 1760 2982 1818 3070; x_wconf 87' lang='lat' dir='ltr'><strong>(cf.</strong></span> 
     </span>
     <span class='ocr_line' id='line_1_24' title="bbox 125 3095 1819 3199; baseline -0.002 -31"><span class='ocrx_word' id='word_1_274' title='bbox 125 3107 154 3188; x_wconf 62' lang='grc' dir='ltr'><strong>ς.</strong></span> <span class='ocrx_word' id='word_1_275' title='bbox 171 3103 235 3199; x_wconf 24' lang='lat' dir='ltr'><strong>tlt.)</strong></span> <span class='ocrx_word' id='word_1_276' title='bbox 258 3097 317 3185; x_wconf 90' lang='lat' dir='ltr'><strong>qui</strong></span> <span class='ocrx_word' id='word_1_277' title='bbox 335 3095 521 3185; x_wconf 83' lang='lat' dir='ltr'><strong>significet,</strong></span> <span class='ocrx_word' id='word_1_278' title='bbox 546 3118 585 3163; x_wconf 85' lang='lat' dir='ltr'><strong>eo</strong></span> <span class='ocrx_word' id='word_1_279' title='bbox 600 3097 719 3176; x_wconf 84' lang='lat' dir='ltr'><strong>modo,</strong></span> <span class='ocrx_word' id='word_1_280' title='bbox 733 3121 783 3164; x_wconf 79' lang='lat' dir='ltr'><strong>ec</strong></span> <span class='ocrx_word' id='word_1_281' title='bbox 804 3099 864 3169; x_wconf 65' lang='lat' dir='ltr'><strong>uia</strong></span> <span class='ocrx_word' id='word_1_282' title='bbox 885 3121 928 3165; x_wconf 88' lang='lat' dir='ltr'><strong>oc</strong></span> <span class='ocrx_word' id='word_1_283' title='bbox 948 3100 1103 3178; x_wconf 84' lang='lat' dir='ltr'><strong>ratione,</strong></span> <span class='ocrx_word' id='word_1_284' title='bbox 1126 3096 1216 3183; x_wconf 88' lang='lat' dir='ltr'><strong>quod</strong></span> <span class='ocrx_word' id='word_1_285' title='bbox 1240 3120 1316 3163; x_wconf 90' lang='lat' dir='ltr'><strong>cum</strong></span> <span class='ocrx_word' id='word_1_286' title='bbox 1341 3098 1440 3164; x_wconf 89' lang='lat' dir='ltr'><strong>huius</strong></span> <span class='ocrx_word' id='word_1_287' title='bbox 1456 3099 1636 3187; x_wconf 86' lang='lat' dir='ltr'><strong>particulae</strong></span> <span class='ocrx_word' id='word_1_288' title='bbox 1652 3121 1751 3164; x_wconf 87' lang='lat' dir='ltr'><strong>sensu</strong></span> <span class='ocrx_word' id='word_1_289' title='bbox 1764 3111 1819 3165; x_wconf 89' lang='lat' dir='ltr'><strong>at-</strong></span> 
     </span>
     <span class='ocr_line' id='line_1_25' title="bbox 125 3212 1815 3313; baseline -0.002 -29"><span class='ocrx_word' id='word_1_290' title='bbox 125 3241 193 3309; x_wconf 89' lang='lat' dir='ltr'><strong>que</strong></span> <span class='ocrx_word' id='word_1_291' title='bbox 209 3237 272 3289; x_wconf 86' lang='lat' dir='ltr'><strong>usu</strong></span> <span class='ocrx_word' id='word_1_292' title='bbox 296 3212 477 3291; x_wconf 87' lang='lat' dir='ltr'><strong>admodum</strong></span> <span class='ocrx_word' id='word_1_293' title='bbox 492 3212 663 3298; x_wconf 84' lang='lat' dir='ltr'><strong>congruit,</strong></span> <span class='ocrx_word' id='word_1_294' title='bbox 686 3236 797 3300; x_wconf 88' lang='lat' dir='ltr'><strong>neque</strong></span> <span class='ocrx_word' id='word_1_295' title='bbox 809 3215 851 3280; x_wconf 85' lang='lat' dir='ltr'><strong>ab</strong></span> <span class='ocrx_word' id='word_1_296' title='bbox 868 3237 908 3280; x_wconf 91' lang='lat' dir='ltr'><strong>eo</strong></span> <span class='ocrx_word' id='word_1_297' title='bbox 926 3226 995 3300; x_wconf 85' lang='lat' dir='ltr'><strong>tam</strong></span> <span class='ocrx_word' id='word_1_298' title='bbox 1013 3214 1161 3281; x_wconf 89' lang='lat' dir='ltr'><strong>alienum</strong></span> <span class='ocrx_word' id='word_1_299' title='bbox 1178 3225 1243 3296; x_wconf 87' lang='lat' dir='ltr'><strong>est,</strong></span> <span class='ocrx_word' id='word_1_300' title='bbox 1268 3214 1412 3313; x_wconf 79' lang='lat' dir='ltr'><strong>quamsi</strong></span> <span class='ocrx_word' id='word_1_301' title='bbox 1430 3213 1596 3299; x_wconf 87' lang='lat' dir='ltr'><strong>quiscum</strong></span> <span class='ocrx_word' id='word_1_302' title='bbox 1612 3213 1815 3281; x_wconf 86' lang='lat' dir='ltr'><strong>Hermanno</strong></span> 
     </span>
    </p>
   </div>
   <div class='ocr_carea' id='block_1_9' title="bbox 33 3321 1926 3423">
    <p class='ocr_par' dir='ltr' id='par_1_10' title="bbox 33 3321 1926 3423">
     <span class='ocr_line' id='line_1_26' title="bbox 33 3321 1926 3423; baseline -0.003 -22"><span class='ocrx_word' id='word_1_303' title='bbox 33 3321 58 3410; x_wconf 11' lang='grc' dir='ltr'><strong>Ἀ</strong></span> <span class='ocrx_word' id='word_1_304' title='bbox 102 3347 228 3423; x_wconf 74' lang='lat' dir='ltr'><strong>¹utque</strong></span> <span class='ocrx_word' id='word_1_305' title='bbox 250 3331 427 3398; x_wconf 85' lang='lat' dir='ltr'><strong>Summero</strong></span> <span class='ocrx_word' id='word_1_306' title='bbox 447 3329 534 3394; x_wconf 84' lang='lat' dir='ltr'><strong>hanc</strong></span> <span class='ocrx_word' id='word_1_307' title='bbox 552 3325 750 3415; x_wconf 75' lang='lat' dir='ltr'><strong>particulam</strong></span> <span class='ocrx_word' id='word_1_308' title='bbox 771 3352 815 3408; x_wconf 75' lang='lat' dir='ltr'><strong>ex</strong></span> <span class='ocrx_word' id='word_1_309' title='bbox 831 3327 893 3397; x_wconf 75' lang='lat' dir='ltr'><strong>circi</strong></span> <span class='ocrx_word' id='word_1_310' title='bbox 904 3331 1153 3418; x_wconf 85' lang='lat' dir='ltr'><strong>praepositione</strong></span> <span class='ocrx_word' id='word_1_311' title='bbox 1165 3341 1274 3396; x_wconf 90' lang='lat' dir='ltr'><strong>ortam</strong></span> <span class='ocrx_word' id='word_1_312' title='bbox 1291 3351 1361 3397; x_wconf 88' lang='lat' dir='ltr'><strong>esse</strong></span> <span class='ocrx_word' id='word_1_313' title='bbox 1378 3330 1557 3416; x_wconf 82' lang='lat' dir='ltr'><strong>putaverit.</strong></span> <span class='ocrx_word' id='word_1_314' title='bbox 1600 3330 1756 3416; x_wconf 80' lang='lat' dir='ltr'><strong>Denique</strong></span> <span class='ocrx_word' id='word_1_315' title='bbox 1771 3330 1819 3406; x_wconf 77' lang='grc' dir='ltr'><strong>ῑος</strong></span> <span class='ocrx_word' id='word_1_316' title='bbox 1923 3369 1926 3376; x_wconf 77' lang='lat'><em>,</em></span> 
     </span>
    </p>
   </div>
   <div class='ocr_carea' id='block_1_10' title="bbox 10 3443 1868 4580">
    <p class='ocr_par' dir='ltr' id='par_1_11' title="bbox 10 3434 1816 3543">
     <span class='ocr_line' id='line_1_27' title="bbox 10 3443 1816 3543; baseline -0.001 -33"><span class='ocrx_word' id='word_1_317' title='bbox 10 3531 12 3534; x_wconf 9' lang='lat' dir='ltr'>y</span> <span class='ocrx_word' id='word_1_318' title='bbox 111 3451 321 3543; x_wconf 62' lang='lat' dir='ltr'><strong>Tryphon,</strong></span> <span class='ocrx_word' id='word_1_319' title='bbox 350 3446 444 3532; x_wconf 76' lang='grc' dir='ltr'><strong><em>ἶωρός</em></strong></span> <span class='ocrx_word' id='word_1_320' title='bbox 471 3443 692 3531; x_wconf 81' lang='lat' dir='ltr'><strong>Apollonius,</strong></span> <span class='ocrx_word' id='word_1_321' title='bbox 733 3443 813 3526; x_wconf 79' lang='grc' dir='ltr'><strong><em>ἴδιρς</em></strong></span> <span class='ocrx_word' id='word_1_322' title='bbox 832 3445 1031 3534; x_wconf 83' lang='lat' dir='ltr'><strong>Hartungus</strong></span> <span class='ocrx_word' id='word_1_323' title='bbox 1056 3470 1101 3515; x_wconf 85' lang='lat' dir='ltr'><strong>ex</strong></span> <span class='ocrx_word' id='word_1_324' title='bbox 1128 3445 1193 3514; x_wconf 87' lang='lat' dir='ltr'><strong>hoc</strong></span> <span class='ocrx_word' id='word_1_325' title='bbox 1219 3445 1422 3536; x_wconf 85' lang='lat' dir='ltr'><strong>pronomine</strong></span> <span class='ocrx_word' id='word_1_326' title='bbox 1445 3443 1599 3510; x_wconf 84' lang='lat' dir='ltr'><strong>derivare</strong></span> <span class='ocrx_word' id='word_1_327' title='bbox 1622 3445 1816 3524; x_wconf 76' lang='lat' dir='ltr'><strong>voluerunt,</strong></span> 
     </span>
    </p>

    <p class='ocr_par' dir='ltr' id='par_1_12' title="bbox 122 3557 1816 3775">
     <span class='ocr_line' id='line_1_28' title="bbox 122 3557 1816 3660; baseline -0.004 -25"><span class='ocrx_word' id='word_1_328' title='bbox 122 3587 319 3660; x_wconf 78' lang='lat' dir='ltr'><strong>quanquam</strong></span> <span class='ocrx_word' id='word_1_329' title='bbox 341 3559 496 3651; x_wconf 90' lang='lat' dir='ltr'><strong>equidem</strong></span> <span class='ocrx_word' id='word_1_330' title='bbox 516 3558 598 3626; x_wconf 80' lang='lat' dir='ltr'><strong>haec</strong></span> <span class='ocrx_word' id='word_1_331' title='bbox 617 3557 722 3652; x_wconf 77' lang='lat' dir='ltr'><strong>verba</strong></span> <span class='ocrx_word' id='word_1_332' title='bbox 743 3559 786 3628; x_wconf 82' lang='lat' dir='ltr'><strong>ud</strong></span> <span class='ocrx_word' id='word_1_333' title='bbox 805 3561 827 3629; x_wconf 78' lang='grc' dir='ltr'><strong><em>ἴ</em></strong></span> <span class='ocrx_word' id='word_1_334' title='bbox 838 3564 1053 3653; x_wconf 82' lang='lat' dir='ltr'><strong>pronominis</strong></span> <span class='ocrx_word' id='word_1_335' title='bbox 1075 3562 1224 3632; x_wconf 88' lang='lat' dir='ltr'><strong>radicem</strong></span> <span class='ocrx_word' id='word_1_336' title='bbox 1246 3562 1416 3651; x_wconf 83' lang='lat' dir='ltr'><strong>pertinere</strong></span> <span class='ocrx_word' id='word_1_337' title='bbox 1436 3583 1507 3628; x_wconf 89' lang='lat' dir='ltr'><strong>non</strong></span> <span class='ocrx_word' id='word_1_338' title='bbox 1530 3583 1593 3649; x_wconf 92' lang='lat' dir='ltr'><strong>pro</strong></span> <span class='ocrx_word' id='word_1_339' title='bbox 1610 3571 1701 3626; x_wconf 87' lang='lat' dir='ltr'><strong>certo</strong></span> <span class='ocrx_word' id='word_1_340' title='bbox 1717 3557 1816 3629; x_wconf 81' lang='lat' dir='ltr'><strong>alfis-</strong></span> 
     </span>
     <span class='ocr_line' id='line_1_29' title="bbox 122 3683 1373 3775; baseline -0.008 -21"><span class='ocrx_word' id='word_1_341' title='bbox 122 3683 303 3762; x_wconf 79' lang='lat' dir='ltr'><strong>maverim.</strong></span> <span class='ocrx_word' id='word_1_342' title='bbox 449 3764 455 3775; x_wconf 22' lang='grc' dir='ltr'>ι</span> <span class='ocrx_word' id='word_1_343' title='bbox 1105 3700 1106 3703; x_wconf 72' lang='grc'>’</span> <span class='ocrx_word' id='word_1_344' title='bbox 1372 3746 1373 3756; x_wconf 54' lang='grc'>,</span> 
     </span>
    </p>

    <p class='ocr_par' dir='ltr' id='par_1_13' title="bbox 227 3791 1829 3884">
     <span class='ocr_line' id='line_1_30' title="bbox 227 3791 1829 3884; baseline -0.002 -18"><span class='ocrx_word' id='word_1_345' title='bbox 227 3799 266 3882; x_wconf 84' lang='grc'><strong>6)</strong></span> <span class='ocrx_word' id='word_1_346' title='bbox 285 3792 375 3862; x_wconf 90' lang='lat' dir='ltr'><strong>Illud</strong></span> <span class='ocrx_word' id='word_1_347' title='bbox 395 3803 508 3858; x_wconf 82' lang='lat' dir='ltr'><strong>tomen</strong></span> <span class='ocrx_word' id='word_1_348' title='bbox 529 3791 714 3878; x_wconf 81' lang='lat' dir='ltr'><strong>confiteor,</strong></span> <span class='ocrx_word' id='word_1_349' title='bbox 737 3817 840 3884; x_wconf 86' lang='lat' dir='ltr'><strong>quum</strong></span> <span class='ocrx_word' id='word_1_350' title='bbox 855 3797 1067 3883; x_wconf 84' lang='lat' dir='ltr'><strong>grammatici</strong></span> <span class='ocrx_word' id='word_1_351' title='bbox 1082 3796 1217 3882; x_wconf 85' lang='lat' dir='ltr'><strong>quidam</strong></span> <span class='ocrx_word' id='word_1_352' title='bbox 1235 3794 1445 3862; x_wconf 77' lang='lat' dir='ltr'><strong>doctissimi‘i</strong></span> <span class='ocrx_word' id='word_1_353' title='bbox 1460 3817 1650 3883; x_wconf 88' lang='lat' dir='ltr'><strong>pronomen</strong></span> <span class='ocrx_word' id='word_1_354' title='bbox 1663 3817 1829 3863; x_wconf 87' lang='lat' dir='ltr'><strong>comme-·</strong></span> 
     </span>
    </p>

    <p class='ocr_par' dir='ltr' id='par_1_14' title="bbox 82 3908 1815 4001">
     <span class='ocr_line' id='line_1_31' title="bbox 82 3908 1815 4001; baseline -0.003 -17"><span class='ocrx_word' id='word_1_355' title='bbox 82 3947 89 3954; x_wconf 84' lang='lat'><strong>·</strong></span> <span class='ocrx_word' id='word_1_356' title='bbox 112 3925 279 3996; x_wconf 86' lang='lat' dir='ltr'><strong>-mcreut,</strong></span> <span class='ocrx_word' id='word_1_357' title='bbox 307 3932 364 3977; x_wconf 88' lang='lat' dir='ltr'><strong>me</strong></span> <span class='ocrx_word' id='word_1_358' title='bbox 385 3908 537 3993; x_wconf 81' lang='lat' dir='ltr'><strong>credere,</strong></span> <span class='ocrx_word' id='word_1_359' title='bbox 559 3908 625 3974; x_wconf 92' lang='lat' dir='ltr'><strong>hoc</strong></span> <span class='ocrx_word' id='word_1_360' title='bbox 640 3931 775 3998; x_wconf 88' lang='lat' dir='ltr'><strong>quoque</strong></span> <span class='ocrx_word' id='word_1_361' title='bbox 795 3912 946 3980; x_wconf 80' lang='lat' dir='ltr'><strong>extitisse</strong></span> <span class='ocrx_word' id='word_1_362' title='bbox 967 3915 1131 3996; x_wconf 81' lang='lat' dir='ltr'><strong>verbum,</strong></span> <span class='ocrx_word' id='word_1_363' title='bbox 1156 3935 1265 4000; x_wconf 88' lang='lat' dir='ltr'><strong>neque</strong></span> <span class='ocrx_word' id='word_1_364' title='bbox 1288 3923 1404 3979; x_wconf 87' lang='lat' dir='ltr'><strong>tamen</strong></span> <span class='ocrx_word' id='word_1_365' title='bbox 1418 3913 1534 3980; x_wconf 87' lang='lat' dir='ltr'><strong>tertiae</strong></span> <span class='ocrx_word' id='word_1_366' title='bbox 1546 3933 1726 4001; x_wconf 87' lang='lat' dir='ltr'><strong>personae,</strong></span> <span class='ocrx_word' id='word_1_367' title='bbox 1755 3911 1815 3978; x_wconf 88' lang='lat' dir='ltr'><strong>sed</strong></span> 
     </span>
    </p>

    <p class='ocr_par' dir='ltr' id='par_1_15' title="bbox 25 4024 1812 4126">
     <span class='ocr_line' id='line_1_32' title="bbox 25 4024 1812 4126; baseline -0.002 -27"><span class='ocrx_word' id='word_1_368' title='bbox 25 4072 29 4077; x_wconf 93' lang='lat'>-</span> <span class='ocrx_word' id='word_1_369' title='bbox 110 4051 314 4126; x_wconf 85' lang='lat' dir='ltr'><strong>--pronomen</strong></span> <span class='ocrx_word' id='word_1_370' title='bbox 331 4024 633 4111; x_wconf 86' lang='lat' dir='ltr'><strong>demonstrativum</strong></span> <span class='ocrx_word' id='word_1_371' title='bbox 656 4049 696 4094; x_wconf 85' lang='lat' dir='ltr'><strong>sc</strong></span> <span class='ocrx_word' id='word_1_372' title='bbox 714 4026 896 4103; x_wconf 84' lang='lat' dir='ltr'><strong>relativum</strong></span> <span class='ocrx_word' id='word_1_373' title='bbox 918 4028 1034 4103; x_wconf 81' lang='lat' dir='ltr'><strong>fuisse.</strong></span> <span class='ocrx_word' id='word_1_374' title='bbox 1075 4031 1165 4097; x_wconf 85' lang='lat' dir='ltr'><strong>Nam</strong></span> <span class='ocrx_word' id='word_1_375' title='bbox 1186 4029 1285 4095; x_wconf 88' lang='lat' dir='ltr'><strong>sicuti</strong></span> <span class='ocrx_word' id='word_1_376' title='bbox 1306 4051 1325 4095; x_wconf 89' lang='lat' dir='ltr'><strong>e</strong></span> <span class='ocrx_word' id='word_1_377' title='bbox 1348 4031 1401 4107; x_wconf 81' lang='grc' dir='ltr'><strong>τός</strong></span> <span class='ocrx_word' id='word_1_378' title='bbox 1422 4027 1650 4116; x_wconf 64' lang='lat' dir='ltr'><strong>factasunt&amp;</strong></span> <span class='ocrx_word' id='word_1_379' title='bbox 1664 4026 1745 4095; x_wconf 81' lang='lat' dir='ltr'><strong>eto‘:</strong></span> <span class='ocrx_word' id='word_1_380' title='bbox 1764 4029 1812 4095; x_wconf 86' lang='lat' dir='ltr'><strong>ita</strong></span> 
     </span>
    </p>

    <p class='ocr_par' dir='ltr' id='par_1_16' title="bbox 122 4140 1811 4233">
     <span class='ocr_line' id='line_1_33' title="bbox 122 4140 1811 4233; baseline 0.001 -22"><span class='ocrx_word' id='word_1_381' title='bbox 122 4153 222 4233; x_wconf 75' lang='grc' dir='ltr'><strong><em>οτίς,</em></strong></span> <span class='ocrx_word' id='word_1_382' title='bbox 240 4142 331 4233; x_wconf 89' lang='lat' dir='ltr'><strong>quod</strong></span> <span class='ocrx_word' id='word_1_383' title='bbox 349 4140 488 4233; x_wconf 86' lang='lat' dir='ltr'><strong>proprie</strong></span> <span class='ocrx_word' id='word_1_384' title='bbox 508 4140 668 4226; x_wconf 85' lang='lat' dir='ltr'><strong>eandem,</strong></span> <span class='ocrx_word' id='word_1_385' title='bbox 690 4164 791 4229; x_wconf 81' lang='lat' dir='ltr'><strong>quam</strong></span> <span class='ocrx_word' id='word_1_386' title='bbox 811 4169 883 4227; x_wconf 81' lang='grc' dir='ltr'><strong><em>τος,</em></strong></span> <span class='ocrx_word' id='word_1_387' title='bbox 910 4145 1046 4219; x_wconf 78' lang='lat' dir='ltr'><strong>videtur</strong></span> <span class='ocrx_word' id='word_1_388' title='bbox 1058 4144 1213 4216; x_wconf 76' lang='lat' dir='ltr'><strong>habuisse</strong></span> <span class='ocrx_word' id='word_1_389' title='bbox 1226 4143 1524 4230; x_wconf 77' lang='lat' dir='ltr'><strong>significationem,</strong></span> <span class='ocrx_word' id='word_1_390' title='bbox 1550 4144 1583 4220; x_wconf 66' lang='lat' dir='ltr'><strong>ta</strong></span> <span class='ocrx_word' id='word_1_391' title='bbox 1599 4143 1673 4210; x_wconf 87' lang='lat' dir='ltr'><strong>sive</strong></span> <span class='ocrx_word' id='word_1_392' title='bbox 1691 4146 1706 4211; x_wconf 77' lang='grc' dir='ltr'><strong>’τ’</strong></span> <span class='ocrx_word' id='word_1_393' title='bbox 1727 4144 1811 4212; x_wconf 85' lang='lat' dir='ltr'><strong>oriri</strong></span> 
     </span>
    </p>

    <p class='ocr_par' dir='ltr' id='par_1_17' title="bbox 121 4238 1832 4356">
     <span class='ocr_line' id='line_1_34' title="bbox 121 4238 1832 4356; baseline -0.001 -28"><span class='ocrx_word' id='word_1_394' title='bbox 121 4263 240 4356; x_wconf 75' lang='lat' dir='ltr'><strong>potuit.</strong></span> <span class='ocrx_word' id='word_1_395' title='bbox 283 4258 350 4349; x_wconf 79' lang='lat' dir='ltr'><strong>(Cf.</strong></span> <span class='ocrx_word' id='word_1_396' title='bbox 374 4257 416 4325; x_wconf 89' lang='lat' dir='ltr'><strong>de</strong></span> <span class='ocrx_word' id='word_1_397' title='bbox 436 4267 507 4324; x_wconf 84' lang='lat' dir='ltr'><strong>tota</strong></span> <span class='ocrx_word' id='word_1_398' title='bbox 524 4255 588 4322; x_wconf 91' lang='lat' dir='ltr'><strong>hac</strong></span> <span class='ocrx_word' id='word_1_399' title='bbox 609 4278 653 4324; x_wconf 91' lang='lat' dir='ltr'><strong>re.</strong></span> <span class='ocrx_word' id='word_1_400' title='bbox 669 4261 694 4341; x_wconf 61' lang='lat' dir='ltr'><strong>t</strong></span> <span class='ocrx_word' id='word_1_401' title='bbox 711 4263 741 4324; x_wconf 89' lang='grc'><strong>7.</strong></span> <span class='ocrx_word' id='word_1_402' title='bbox 755 4269 789 4325; x_wconf 89' lang='lat' dir='ltr'><strong>et</strong></span> <span class='ocrx_word' id='word_1_403' title='bbox 806 4263 854 4344; x_wconf 84' lang='lat'><strong>8.)</strong></span> <span class='ocrx_word' id='word_1_404' title='bbox 900 4238 940 4326; x_wconf 89' lang='lat' dir='ltr'><strong>ld</strong></span> <span class='ocrx_word' id='word_1_405' title='bbox 962 4260 1054 4328; x_wconf 87' lang='lat' dir='ltr'><strong>haud</strong></span> <span class='ocrx_word' id='word_1_406' title='bbox 1074 4260 1142 4326; x_wconf 89' lang='lat' dir='ltr'><strong>scio</strong></span> <span class='ocrx_word' id='word_1_407' title='bbox 1165 4283 1210 4325; x_wconf 84' lang='lat' dir='ltr'><strong>an</strong></span> <span class='ocrx_word' id='word_1_408' title='bbox 1229 4260 1832 4347; x_wconf 71' lang='lat' dir='ltr'><strong>Lucanslocosupraeommemo··</strong></span> 
     </span>
    </p>

    <p class='ocr_par' dir='ltr' id='par_1_18' title="bbox 119 4361 1825 4463">
     <span class='ocr_line' id='line_1_35' title="bbox 119 4361 1825 4463; baseline -0.002 -19"><span class='ocrx_word' id='word_1_409' title='bbox 119 4388 197 4448; x_wconf 85' lang='lat' dir='ltr'><strong>rato</strong></span> <span class='ocrx_word' id='word_1_410' title='bbox 220 4373 414 4440; x_wconf 74' lang='lat' dir='ltr'><strong>confirmet:</strong></span> <span class='ocrx_word' id='word_1_411' title='bbox 441 4380 497 4440; x_wconf 76' lang='grc' dir='ltr'><strong>τοῦ</strong></span> <span class='ocrx_word' id='word_1_412' title='bbox 522 4378 628 4461; x_wconf 80' lang='grc' dir='ltr'><strong><em>τρίτου</em></strong></span> <span class='ocrx_word' id='word_1_413' title='bbox 655 4375 819 4463; x_wconf 63' lang='lat' dir='ltr'><strong>seposuisses</strong></span> <span class='ocrx_word' id='word_1_414' title='bbox 848 4372 869 4456; x_wconf 77' lang='grc' dir='ltr'><em>ἤ</em></span> <span class='ocrx_word' id='word_1_415' title='bbox 894 4371 1081 4463; x_wconf 70' lang='grc' dir='ltr'><strong><em>ὀνομαστικῆ</em></strong></span> <span class='ocrx_word' id='word_1_416' title='bbox 1110 4370 1188 4443; x_wconf 73' lang='grc' dir='ltr'><strong><em>κατὰ</em></strong></span> <span class='ocrx_word' id='word_1_417' title='bbox 1211 4372 1360 4453; x_wconf 62' lang='lat' dir='ltr'><strong>comode</strong></span> <span class='ocrx_word' id='word_1_418' title='bbox 1383 4377 1400 4442; x_wconf 79' lang='lat' dir='ltr'><strong>‘s&#39;</strong></span> <span class='ocrx_word' id='word_1_419' title='bbox 1423 4380 1475 4442; x_wconf 78' lang='lat' dir='ltr'><strong>sci</strong></span> <span class='ocrx_word' id='word_1_420' title='bbox 1492 4374 1537 4452; x_wconf 81' lang='grc' dir='ltr'><strong>ὅς.</strong></span> <span class='ocrx_word' id='word_1_421' title='bbox 1580 4376 1634 4441; x_wconf 80' lang='lat' dir='ltr'><strong>Ad</strong></span> <span class='ocrx_word' id='word_1_422' title='bbox 1656 4398 1729 4442; x_wconf 87' lang='lat' dir='ltr'><strong>eam</strong></span> <span class='ocrx_word' id='word_1_423' title='bbox 1750 4361 1825 4441; x_wconf 57' lang='lat' dir='ltr'><strong>rc?</strong></span> 
     </span>
    </p>

    <p class='ocr_par' dir='ltr' id='par_1_19' title="bbox 120 4474 1868 4580">
     <span class='ocr_line' id='line_1_36' title="bbox 120 4474 1868 4580; baseline -0.003 -17"><span class='ocrx_word' id='word_1_424' title='bbox 120 4493 230 4563; x_wconf 92' lang='lat' dir='ltr'><strong>dicem</strong></span> <span class='ocrx_word' id='word_1_425' title='bbox 254 4490 308 4558; x_wconf 78' lang='lat' dir='ltr'><strong>iro</strong></span> <span class='ocrx_word' id='word_1_426' title='bbox 335 4488 496 4580; x_wconf 87' lang='lat' dir='ltr'><strong>pertinet,</strong></span> <span class='ocrx_word' id='word_1_427' title='bbox 522 4491 614 4578; x_wconf 90' lang='lat' dir='ltr'><strong>quod</strong></span> <span class='ocrx_word' id='word_1_428' title='bbox 643 4492 727 4561; x_wconf 91' lang='lat' dir='ltr'><strong>item</strong></span> <span class='ocrx_word' id='word_1_429' title='bbox 753 4505 787 4562; x_wconf 93' lang='lat' dir='ltr'><strong>et</strong></span> <span class='ocrx_word' id='word_1_430' title='bbox 817 4493 1116 4578; x_wconf 76' lang='lat' dir='ltr'><strong>demonstrativam</strong></span> <span class='ocrx_word' id='word_1_431' title='bbox 1140 4505 1175 4562; x_wconf 89' lang='lat' dir='ltr'><strong>et</strong></span> <span class='ocrx_word' id='word_1_432' title='bbox 1193 4493 1369 4561; x_wconf 85' lang='lat' dir='ltr'><strong>relativam</strong></span> <span class='ocrx_word' id='word_1_433' title='bbox 1387 4493 1489 4561; x_wconf 86' lang='lat' dir='ltr'><strong>habet</strong></span> <span class='ocrx_word' id='word_1_434' title='bbox 1510 4474 1788 4580; x_wconf 83' lang='lat' dir='ltr'><strong>significationem</strong></span> <span class='ocrx_word' id='word_1_435' title='bbox 1795 4518 1807 4574; x_wconf 83' lang='lat'>3</span> <span class='ocrx_word' id='word_1_436' title='bbox 1864 4532 1868 4537; x_wconf 94' lang='lat'>-</span> 
     </span>
    </p>
   </div>
   <div class='ocr_carea' id='block_1_11' title="bbox 0 0 2164 5414">
    <p class='ocr_par' dir='ltr' id='par_1_20' title="bbox 0 0 2164 5414">
     <span class='ocr_line' id='line_1_37' title="bbox 0 0 2164 5414; baseline 0 2"><span class='ocrx_word' id='word_1_437' title='bbox 0 0 2164 5414; x_wconf 95' lang='lat' dir='ltr'><strong> </strong></span> 
     </span>
    </p>
   </div>
  </div>
 </body>
</html>
