4320 5414
1688 477 1701 490 g
1785 309 1876 452 esst

145 614 189 664 ex
216 592 378 661 suumne
402 582 572 668 rostrata.
600 605 687 676 qrme
712 593 768 676 ast
793 582 831 652 0.
844 581 995 654 'Duellio
1026 579 1162 674 infore
1175 581 1304 674 posita.
1345 579 1413 648 Sed
1434 596 1538 670 quum
1561 573 1791 666 Quintilianus
1812 572 1838 641 d

60 769 66 775 .
144 710 291 779 litteram
318 704 421 775 solius
441 703 580 771 ablativi
606 702 781 794 propriam
802 723 962 770 essenon
983 701 1132 786 videret,
1168 682 1228 769 sed
1253 721 1327 768 eam
1350 697 1462 789 potios
1484 697 1641 764 omnibus
1661 689 1836 761 vocalibus
1953 767 1955 771 ¹

145 823 272 916 apponi
291 843 410 913 posse,
431 844 451 887 e
475 820 653 887 columnae
673 829 836 887 rostratae
859 817 1080 907 inscriptione
1094 817 1293 900 coniiceret,
1312 836 1383 882 non
1398 810 1590 882 mirandum
1605 823 1672 895 eat,
1694 821 1834 890 ceteros,

143 943 201 1027 qui
222 950 299 1031 post
320 958 399 1004 eum
423 935 604 1018 vixerunt,
626 937 859 1023 grammaticos
879 935 916 1002 in
938 958 977 1002 ea
991 935 1154 1001 sententia
1167 934 1344 1015 mansisse,
1366 946 1405 999 nt
1418 930 1529 998 hiatus
1545 928 1673 996 vitandi
1686 918 1839 992 caussad
1870 1010 1876 1018 β
1940 939 1950 958 ·

141 1054 253 1123 ubivis
273 1052 377 1118 inseri
398 1062 496 1141 posse
516 1051 710 1136 crederent,
738 1050 826 1138 quae
845 1050 962 1142 opinio
981 1073 1042 1140 per
1054 1050 1158 1120 medii
1171 1050 1247 1118 aevi
1261 1047 1495 1138 grammaticos
1509 1055 1644 1112 servata
1657 1055 1690 1109 et
1704 1035 1837 1109 Mureti

139 1168 236 1257 (var.
256 1167 347 1235 Lect
371 1167 452 1250 XV,
478 1165 545 1254 ta.)
568 1169 767 1234 auctoritate
789 1166 1022 1234 commendata
1044 1166 1091 1234 ita
1113 1165 1274 1251 invaluit,
1303 1175 1342 1232 ut
1365 1186 1404 1231 ea
1425 1163 1463 1231 in
1483 1172 1638 1229 veterum
1654 1156 1835 1248 poitarum

139 1282 345 1350 carminibus
364 1282 571 1370 corrigendis
595 1294 630 1350 et
647 1282 861 1352 restituendis
877 1282 976 1349 multi
996 1282 1103 1348 critici
1122 1283 1212 1351 male
1227 1279 1454 1348 abuterentur.
1500 1277 1614 1366 Quem
1635 1295 1710 1340 rem
1727 1291 1836 1359 quun-

141 1419 245 1485 quam
267 1419 405 1465 omnem
423 1398 577 1488 persequi
597 1399 738 1486 longum
762 1410 812 1466 eet
832 1411 901 1465 eta
921 1411 962 1463 re'
979 1410 1094 1470 nostra
1117 1399 1282 1480 alienum,
1306 1408 1421 1465 tamen
1440 1394 1556 1487 paucis
1575 1403 1609 1459 et
1622 1387 1715 1478 quasi
1732 1406 1836 1475 prae·

142 1512 265 1581 teriena
285 1513 342 1581 hic
357 1513 545 1601 expediam.
580 1512 679 1600 Quae
700 1538 743 1582 ex
756 1515 875 1584 Plauto
895 1513 1085 1581 afferuntur
1107 1514 1309 1597 testimonia,
1331 1515 1452 1601 quibua
1472 1495 1498 1577 d
1516 1511 1558 1580 ad
1576 1510 1703 1575 hiatum
1721 1501 1834 1569 vitane

143 1627 225 1694 dum
253 1629 420 1695 insertum
445 1650 517 1694 esse
535 1630 681 1716 probare
702 1629 840 1712 volunt,
870 1651 909 1694 ea
930 1629 1045 1694 omnia
1067 1629 1187 1696 dubiae
1208 1643 1287 1697 sunt
1306 1628 1396 1696 fidei.
1439 1629 1684 1696 Verumtamen
1703 1613 1782 1685 med
1801 1625 1836 1679 et

144 1741 202 1809 ted
221 1765 241 1808 a
254 1743 371 1810 Plauto
393 1754 555 1830 usurpata
571 1765 642 1808 ease
655 1742 813 1809 credibile
824 1753 883 1809 est.
926 1743 1021 1810 Nam·
1032 1744 1070 1810 in
1091 1742 1611 1832 pronominibusuntiqnisaimas
1626 1737 1753 1815 formas
1768 1727 1847 1798 sci·¹

144 1877 219 1922 mus
246 1856 372 1923 diutius
400 1877 501 1944 quatu
527 1854 566 1923 in
587 1856 660 1924 aliia
685 1856 858 1949 vocabulis
888 1880 959 1925 esse
985 1871 1145 1926 servatas.
1190 1860 1322 1927 Deinde
1345 1860 1446 1928 etiam
1470 1858 1534 1925 hoc
1553 1852 1692 1922 concedi
1711 1856 1835 1937 potest,

144 1969 224 2038 med
240 1984 274 2040 et
294 1970 352 2039 ted
373 1971 554 2038 accusativi
574 1973 689 2039 locum
709 1972 904 2061 aliquandiu
927 1974 1016 2062 apud
1039 1986 1172 2042 veteres
1193 1976 1384 2044 obtinuisse.
1428 1976 1521 2044 Nam
1547 1991 1650 2059 quum
1667 1963 1691 2029 d
1709 1959 1835 2030 sensim

143 2085 362 2155 intercideret
389 2098 424 2152 et
453 2086 490 2154 iu
515 2087 648 2177 Primae
670 2088 904 2173 secundaeque
931 2089 1098 2178 p'eraonae
1122 2104 1157 2156 et
1178 2091 1215 2156 in
1235 2093 1408 2182 reciproco
1427 2088 1633 2181 pronomine
1654 2071 1835 2148 accusativi

148 2201 352 2290 ablativique
373 2201 505 2282 formae
530 2208 771 2290 congruerent,
796 2203 896 2271 facile
915 2203 991 2272 fieri
1007 2205 1136 2292 potuit,
1164 2217 1203 2273 ut
1216 2207 1274 2273 has
1293 2206 1420 2275 formas
1439 2207 1530 2273 inter
1542 2226 1578 2268 se
1592 2190 1835 2291 permutarent.

147 2315 251 2404 Quod
267 2316 358 2382 enim
375 2314 505 2383 Gellius
515 2318 627 2384 .Noct.
646 2318 720 2385 Att.
742 2318 841 2403 XVI,
857 2320 888 2386 6.
917 2318 961 2386 de
981 2297 1043 2386 suo
1067 2333 1222 2412 tempore
1239 2322 1339 2390 dicit:
1366 2323 1538 2410 Pleraque
1557 2327 1637 2384 suut
1654 2303 1835 2397 vocabula»
1961 2384 1962 2388 ,
2043 2393 2051 2410 ⁰

148 2428 269 2519 quibus
280 2429 383 2521 vulgo
398 2432 542 2513 utimur,
565 2454 669 2518 neque
683 2443 797 2496 tamen
811 2434 944 2518 liquido
955 2435 1100 2510 ecimus,
1121 2437 1208 2517 quid
1220 2458 1260 2496 ea
1268 2440 1411 2519 proprie
1421 2450 1523 2521 atque
1535 2454 1613 2498 vere
1625 2420 1835 2516 significent»

149 2544 210 2610 aed
235 2546 482 2631 incompertam
507 2556 541 2611 ct
561 2544 760 2634 vulgariam
790 2539 1015 2610 traditionem
1037 2544 1089 2609 rei
1108 2567 1175 2609 non
1196 2547 1394 2635 'exploratae
1413 2546 1525 2623 'menti
1544 2543 1699 2610 videmur
1719 2535 1836 2631 magt‘e

151 2659 281 2738 dicere,
309 2656 400 2748 quod
416 2659 591 2740 uubanus,
626 2680 732 2746 quam
760 2656 908 2736 dicimus
915 2681 927 2739 3
961 2657 1054 2724 idem
1079 2657 1179 2726 etiam
1209 2661 1245 2728 in
1272 2663 1382 2752 prisca
1405 2675 1562 2751 tempora
1581 2657 1682 2727 cadit.
1726 2653 1777 2721 At
1794 2658 1836 2715 ut

149 2788 312 2859 statuam,
335 2773 414 2841 med
427 2788 460 2842 et
473 2773 532 2843 ted
547 2789 583 2842 et
595 2772 656 2841 sed
667 2774 848 2862 aliqnando
863 2773 1043 2842 accusativi
1054 2775 1169 2842 lucum
1183 2778 1348 2862 tenuisse,
1369 2791 1521 2846 nontam
1537 2775 1620 2842 loeis
1635 2765 1835 2862 quibusdam

148 2891 258 2959 Plauti
278 2889 503 2972 adducor,'in
524 2890 644 2980 quibus
662 2890 753 2980 apud
762 2891 983 2958 ‘Gronovium
1004 2890 1226 2978 legitnrmed
1233 2916 1242 2956 ε
1272 2894 1443 2985 Amphitr.
1461 2895 1489 2977 1,
1513 2896 1544 2974 1,
1558 2891 1634 2958 244.
1654 2896 1715 2954 nec'
1738 2880 1835 2985 nobis
1959 2959 1964 2965 .
2014 2976 2019 2992 ι

147 3018 285 3095 praeter
298 3003 377 3072 med
390 3005 482 3072 ulios
493 3007 675 3095 quisquam
688 3018 867 3092 estservoa,
889 3016 923 3072 et
938 3010 1012 3073 278.
1031 3017 1075 3070 tu
1089 3028 1194 3095 negas
1205 3007 1284 3072 med
1297 3032 1378 3091 esse,
1399 3023 1432 3077 et
1443 3000 1517 3076 2792
1539 3007 1611 3078 Per
1627 3003 1745 3071 Jovem
1757 2999 1834 3065 iero

151 3121 229 3188 mes
251 3141 337 3200 ene,
358 3133 392 3188 a
407 3119 513 3211 Asin.
529 3122 559 3204 1,
575 3125 603 3203 1,
619 3124 650 3190 s.
672 3122 713 3187 a·
730 3120 1001 3212 qnamerga
1017 3119 1316 3212 sunanfasem
1331 3125 1470 3208 suere,
1494 3104 1527 3190 a
1541 3121 1659 3188 estus.
1673 3118 1721 3199 v,
1734 3119 1764 3196 1,
1781 3116 1842 3218 27.
1875 3154 1880 3168 ,

151 3245 255 3302 orant
273 3232 352 3300 med
356 3281 369 3315 ,
398 3235 453 3301 usi
469 3235 612 3318 saltem,
631 3235 669 3304 in
689 3237 810 3326 quibus
826 3237 911 3329 locis
931 3238 1088 3307 omnibus
1110 3240 1241 3309 codices
1252 3228 1436 3309 admodum
1452 3239 1604 3320 variant,
1627 3250 1729 3324 quant
1742 3225 1835 3315 quod

32 3396 40 3415 .
149 3349 228 3418 med
247 3350 475 3419 accusativum
496 3351 667 3443 inscriptio
685 3353 784 3421 habat
804 3351 1052 3440 antiquissima,
1075 3378 1160 3444 quae
1183 3357 1274 3446 apud
1291 3357 1459 3426 Orellium
1482 3354 1634 3444 Inscript.
1653 3351 1715 3418 Nr.
1735 3346 1834 3413 2497.

152 3479 263 3535 extatt
285 3465 418 3539 Novius
437 3468 586 3538 Plausus
605 3469 685 3537 med
697 3469 829 3537 Romni
843 3467 954 3557 fecid.
974 3469 1113 3537 Dindic
1126 3470 1399 3561 Macolniafilea
1414 3471 1519 3539 dedit.
1563 3466 1729 3551 Accedin
1741 3458 1833 3549 quotl

27 3672 32 3679 J
151 3585 189 3651 in
217 3583 280 3652 SC.
307 3582 349 3650 de
376 3586 637 3686 Bacchanalibus
667 3587 717 3663 bia
737 3586 834 3652 'inter
855 3584 919 3651 aed
942 3588 1080 3675 legitur,
1110 3589 1176 3655 nisi
1205 3588 1294 3657 forte
1320 3588 1381 3655 sed
1408 3590 1592 3672 ablativum
1623 3606 1664 3649 co
1695 3579 1732 3647 ln
1756 3579 1833 3644 1⁰0⁰

152 3722 223 3768 esse
246 3699 365 3766 mavis.
419 3699 516 3768 Inter
542 3702 633 3768 euim
657 3723 735 3769 oum
764 3724 844 3770 casu
869 3703 1015 3771 ablativo
1042 3706 1146 3772 etiam
1169 3715 1399 3772 constructum
1424 3729 1511 3790 ease,
1549 3707 1578 3792 ς.
1602 3708 1655 3771 17.
1677 3704 1708 3781 2,
1729 3700 1762 3764 b·
1784 3701 1834 3757 θεῖ

150 3813 367 3906 patefactum.
407 3816 510 3901 Quod
529 3816 560 3885 si
579 3818 762 3885 aromatici
782 3841 854 3898 me,
881 3830 932 3912 te,
953 3841 990 3886 aa
1009 3802 1256 3909 nonuunquam
1279 3820 1454 3889 dablativi
1470 3821 1602 3909 signum
1620 3823 1832 3905 acceperunt»
1946 3864 1954 3879 ·

153 3931 245 4001 idem
268 3929 306 3996 iu
325 3929 365 3995 iia
388 3932 545 4017 vocibus,
578 3953 660 4020 quas
681 3919 819 4030 ablalivi
841 3935 1006 4023 putabant
1027 3935 1261 4021 musicamne,
1293 3913 1409 4004 multo*
1427 3937 1528 4005 etiem
1550 3922 1700 4003 accidere
1721 3928 1833 4022 potuit

151 4045 292 4123 facilins.
336 4047 427 4113 Nam
448 4047 495 4115 ita
514 4048 755 4137 explicandum
767 4049 886 4133 credo,
907 4050 997 4137 quod
1012 4053 1049 4119 in
1061 4051 1187 4118 estrat
1193 4104 1202 4136 ‚
1225 4050 1359 4142 suprad
1364 4105 1374 4138 ‚
1397 4063 1430 4120 et
1443 4075 1620 4120 moeream
1635 4048 1719 4137 eud,
1740 4043 1839 4135 quod

155 4163 193 4230 iu
207 4163 269 4230 SC.
289 4159 331 4229 de
343 4160 602 4240 bacchanalibus
623 4165 764 4252 legitur,
786 4163 812 4230 d
831 4166 943 4234 littera
957 4167 1086 4245 adiecta
1102 4180 1161 4234 est.
1202 4169 1354 4259 Boppius
1372 4181 1503 4256 antem,
1526 4182 1563 4238 ut
1575 4187 1751 4237 amorium
1764 4157 1832 4230 end

111 4314 113 4318 ⁴
159 4279 331 4366 explicet„
349 4276 393 4362 d,
425 4281 516 4366 quod
538 4281 575 4347 in
594 4279 793 4362 id„aliud,
822 4281 931 4361 istud,
961 4281 1061 4349 illud
1076 4283 1237 4371 singulari
1260 4291 1636 4376 numero'reperiatnr‚
1656 4282 1765 4359 *etiam
1786 4274 1830 4342 ad

157 4392 323 4482 pluralem
345 4416 527 4463 nnmerum
547 4396 655 4463 credit
673 4398 838 4466 mansisse.
880 4401 1001 4486 Neque
1023 4413 1134 4468 tamen
1157 4401 1348 4494 huineusus
1364 4404 1470 4470 ullum
1486 4400 1625 4492 appiret
1638 4393 1831 4480 vangium·
1900 4413 1902 4415 ·

159 4507 278 4596 Quare
297 4507 454 4595 equidem
476 4534 516 4580 aa
534 4535 607 4584 uon
627 4525 785 4583 neutrum
803 4514 944 4606 plaudis
964 4519 1115 4602 numeri,
1135 4518 1195 4585 sed
1214 4524 1330 4587 omum
1351 4502 1640 4588 instrumentalem
1654 4508 1830 4601 singularia
