4320 5414
228 353 279 429 so

228 569 273 613 ne
296 541 427 630 longius
450 543 554 629 petita
577 541 692 610 multis
722 551 834 628 posset
853 534 963 605 videri
978 534 1172 623 aliquandiu
1190 533 1344 601 verebar.
1397 533 1465 599 Sed
1486 531 1585 600 video
1606 536 1750 604 eandem
1768 537 1909 629 probari

227 657 405 727 Francisoo
413 658 629 740 Wuellnero,
655 656 730 724 viro
744 656 853 739 docto,
875 655 912 720 in
927 653 998 719 eius
1012 652 1100 719 libro
1114 651 1155 716 de
1169 649 1298 737 origine
1313 662 1347 716 et
1358 649 1531 716 notatione
1544 648 1744 739 formarum,
1766 652 1850 743 quae
1865 653 1909 721 ad

229 773 489 841 declinationem
501 785 533 839 et
550 772 818 860 coniugationern
842 769 1061 850 adhibentur,
1080 790 1114 856 p.
1129 771 1221 849 211„
1243 767 1301 853 qui
1321 765 1422 847 liber,
1444 765 1479 830 id
1495 766 1586 852 quod
1600 767 1681 833 mihi
1693 769 1912 836 incommode

228 889 364 972 accidit,
393 911 483 954 nunc
506 888 662 970 demum,
693 907 797 971 quum
819 886 900 951 haec
921 886 989 951 iam
1010 883 1099 970 typis
1121 882 1377 970 exprimuntur,
1398 879 1547 949 affertur.
1591 885 1685 950 Haec
1707 895 1817 950 autem
1841 909 1912 951 no·
1962 916 1969 927 ·

228 1019 297 1073 stra
320 1005 360 1069 de
374 1004 425 1068 his
438 1003 699 1088 pronominibus
712 1004 875 1067 sententia
891 1012 950 1067 est.
991 998 1092 1088 Apud
1109 997 1239 1062 Gothos
1256 996 1387 1091 dativus
1402 998 1579 1064 masculini
1593 1011 1627 1065 et
1641 998 1791 1064 neutrius
1806 1024 1913 1086 gene-

227 1119 274 1185 ris
294 1117 330 1182 in
350 1116 608 1206 pronominibus
632 1130 665 1182 et
684 1118 856 1183 adiectivis
876 1116 912 1181 in
927 1137 1046 1181 amma
1062 1113 1134 1178 sive
1157 1135 1252 1201 mma
1271 1112 1434 1196 syllabam
1455 1113 1544 1177 exit:
1565 1109 1779 1194 blindamma
1800 1136 1912 1194 caeco,

228 1233 384 1300 thammo
398 1232 488 1312 hnic,
508 1231 672 1298 bnamma
682 1231 774 1311 ltuic,
795 1232 917 1312 imma,
940 1231 1070 1296 himma
1084 1229 1127 1297 ei.
1169 1228 1268 1292 Hanc
1281 1225 1428 1292 formam
1446 1227 1632 1295 Grimmius
1646 1240 1727 1294 tom.
1741 1231 1768 1294 Ι.
1785 1254 1820 1320 p.
1834 1235 1911 1300 826.

228 1360 317 1415 reete
338 1370 415 1413 cum
438 1346 542 1412 indici
563 1347 775 1435 pronominis
798 1347 911 1413 dativo
932 1344 1121 1430 contendit,
1152 1343 1210 1427 qui
1231 1342 1268 1407 in
1289 1343 1403 1407 armai
1424 1343 1642 1428 terminatur,
1669 1368 1705 1410 v.
1727 1368 1757 1410 o.
1780 1342 1912 1413 tasmai

229 1461 326 1540 baio,
355 1460 488 1526 kaemai
507 1462 583 1541 eui,
613 1463 726 1528 aerini
746 1462 788 1528 ei.
831 1463 966 1529 Etenim
988 1482 1092 1549 quum
1113 1483 1130 1522 e
1151 1461 1263 1525 littera
1280 1470 1358 1524 ante
1374 1483 1410 1523 m
1432 1456 1531 1524 facile
1554 1458 1588 1524 in
1609 1483 1646 1524 m
1666 1474 1829 1550 transeat,
1850 1465 1911 1546 (et.

227 1581 256 1660 §.
270 1583 298 1641 4.
315 1580 362 1659 6.)
391 1578 559 1662 quomodo
585 1591 770 1664 congruant
796 1578 880 1644 istae
906 1579 1058 1664 linguae,
1088 1576 1303 1665 perspicuum
1331 1587 1389 1639 est.
1432 1572 1499 1638 Sed
1521 1594 1589 1659 quo
1611 1573 1677 1640 tuit
1699 1578 1831 1664 longior
1852 1581 1913 1647 illa

226 1690 356 1774 forma,
386 1714 426 1756 eo
456 1688 587 1757 facilius
615 1692 739 1758 sensim
772 1716 811 1759 ao
842 1693 1045 1780 pedetentim
1075 1691 1228 1756 contrahi
1258 1689 1402 1756 alterive
1430 1688 1561 1776 coepit3
1592 1690 1681 1774 quod
1705 1705 1747 1758 ⁴et
1775 1694 1911 1781 linguae

225 1804 436 1893 germanicae
463 1818 497 1872 et
523 1808 707 1875 litthuanae
735 1809 911 1874 confirmat
937 1809 1128 1873 auctoritas.
1170 1807 1222 1872 Ea
1243 1805 1334 1870 enim
1361 1805 1451 1891 apud
1475 1802 1665 1871 Germanos
1686 1807 1734 1872 ita
1763 1799 1812 1875 est
1832 1832 1914 1876 cor-

225 1932 337 2009 repta,
359 1932 397 1985 ut
419 1922 476 1986 alii
495 1945 559 2011 pro
580 1945 689 2002 mma,
713 1946 791 2002 mu,
814 1936 852 1990 ut
873 1923 964 2001 imu,
986 1922 1102 2000 laima,
1133 1920 1251 1999 dimu,
1272 1919 1418 1999 haenau,
1439 1918 1516 2006 atii,
1544 1943 1604 1984 ma
1623 1910 1752 2010 syllaba
1772 1925 1913 2008 abiecta,

225 2046 265 2101 ut
279 2035 558 2122 Anglosaxones,
585 2036 678 2118 Irim,
702 2039 809 2118 thom,
832 2037 955 2118 lutam,
979 2035 1132 2102 blindaim
1154 2037 1313 2102 dicerent.
1358 2034 1472 2119 Atque
1493 2036 1583 2123 apud
1604 2037 1803 2103 Litthuanos
1826 2064 1914 2129 pro·
1996 2020 2006 2032 ⁸

224 2150 403 2221 nominum
431 2162 464 2215 et
492 2151 736 2219 adiectivorum
764 2154 898 2220 dativus
919 2154 956 2219 in
977 2177 1036 2218 am
1057 2152 1219 2240 syllabam
1242 2151 1330 2233 exit,
1361 2148 1405 2214 cf.
1431 2149 1541 2215 azizim
1562 2151 1662 2233 baie,
1684 2153 1844 2241 jamjam
1864 2158 1937 2241 ei,⁴

226 2275 301 2327 tam
323 2265 365 2326 ei.
407 2264 482 2328 Iam
504 2284 608 2347 quum
628 2289 673 2332 ex
694 2267 751 2350 iis,
775 2289 860 2354 quae
881 2267 989 2333 adhuc
1014 2268 1276 2356 disputavimus,
1300 2265 1377 2330 satis
1399 2278 1573 2352 appareat,
1594 2267 1733 2333 latinam
1755 2273 1912 2358 linguam

224 2378 406 2444 multarum
429 2376 617 2442 formarum
639 2381 738 2464 'quasi
762 2381 952 2466 fragmenta
980 2383 1021 2446 ab
1049 2383 1191 2447 interitu
1208 2402 1375 2461 servasse,
1409 2378 1501 2467 apud
1518 2380 1690 2448 neminem
1710 2389 1911 2455 temeritatis
1950 2413 1956 2421 ·

225 2492 354 2559 orimen
374 2492 489 2559 subire
509 2514 606 2580 posse
629 2492 802 2579 videmur,
827 2495 855 2560 si
879 2494 1095 2574 etiamtum,
1122 2517 1246 2582 quam,
1270 2494 1391 2581 piam,
1415 2492 1517 2580 jam,
1538 2493 1639 2578 dam,
1662 2522 1763 2580 nam,
1780 2524 1911 2590 perpe-
1946 2487 1952 2494 ’

225 2631 302 2676 ram
323 2611 496 2676 vocabula.
515 2632 579 2698 pro
603 2608 724 2675 dativis
753 2631 824 2675 esse
845 2608 998 2675 habenda
1025 2609 1237 2677 arbitramur.
1282 2609 1379 2695 Quae
1402 2608 1585 2698 vocabula,
1613 2633 1717 2698 quum
1740 2640 1781 2683 ea
1801 2619 1911 2689 flexio

223 2723 261 2789 in
283 2725 401 2791 ceteris
420 2724 613 2791 nominibus
634 2725 866 2809 obsolevisset,
890 2724 1127 2793 adverbiorum
1147 2721 1415 2801 naturamfacile
1435 2723 1630 2794 induerunt.
1673 2727 1790 2817 Atque
1802 2733 1913 2820 signi-

224 2837 337 2905 ficatio
361 2814 462 2907 etiam
485 2841 528 2906 ad
551 2840 713 2924 eandem,
736 2863 836 2928 quam
851 2840 954 2906 modo
970 2840 1221 2926 indagavimus,
1244 2838 1409 2924 originem
1425 2839 1526 2906 ducit.
1568 2843 1660 2909 Nam
1673 2864 1778 2937 quum
1794 2849 1911 2920 dativo

226 2975 302 3019 casu
332 2966 487 3038 utamur,
515 2956 566 3020 uti
592 2976 695 3042 supra
724 2956 917 3038 docuimus,
946 2955 975 3017 si
1003 2955 1044 3019 ad
1071 2978 1144 3019 rem
1176 2955 1322 3039 aliquam
1350 2955 1547 3044 respicimus
1577 2959 1715 3045 eiusque
1739 2961 1911 3038 rationem

226 3069 369 3148 inimus,
406 3072 489 3134 istae
523 3070 662 3134 voculae
689 3067 787 3137 facile
815 3069 857 3135 ad
886 3069 1027 3155 gradum
1058 3069 1226 3155 quendam
1256 3080 1289 3133 et
1317 3071 1497 3137 sententiae
1524 3071 1772 3143 incrementum
1798 3083 1912 3169 signi.

226 3181 397 3249 ficandum
425 3180 579 3249 adhiberi
608 3194 811 3272 potuerunt,
848 3169 1045 3272 praesertim
1076 3207 1180 3272 quum
1210 3208 1266 3250 eos
1295 3186 1441 3250 Romani
1464 3186 1597 3257 ,dativus
1627 3211 1698 3255 esse
1726 3216 1809 3262 mox
1836 3223 1911 3269 non

227 3298 371 3385 emplius
390 3299 560 3366 sentirent.
582 3334 627 3351 -
669 3299 766 3377 Iam,
795 3322 838 3363 ex
860 3299 890 3362 is
911 3313 1042 3386 ortum,
1066 3299 1222 3390 inprimis
1235 3300 1286 3393 ⁸ad
1308 3310 1440 3389 tempus
1461 3311 1494 3365 et
1514 3305 1732 3389 praeteritum
1754 3324 1788 3378 et
1808 3336 1914 3402 prae.

226 3433 302 3476 sens
325 3423 359 3477 et
380 3407 531 3501 futurum
553 3414 700 3480 refertur
721 3425 753 3479 et
779 3413 950 3480 interdum
971 3415 1069 3480 etiam
1093 3416 1299 3505 duplicatur,
1329 3415 1495 3494 iamiam,
1526 3428 1565 3483 ut
1585 3418 1621 3483 in
1646 3421 1811 3493 litthuana
1837 3430 1913 3499 lin-

161 3524 164 3528 ’
228 3547 293 3613 gua
321 3524 445 3593 factum
473 3553 542 3595 esse
570 3529 727 3597 vidimus.
769 3531 910 3619 Proprie
937 3530 1009 3595 iam
1031 3530 1230 3616 bisyllebum
1253 3543 1319 3616 est,
1345 3532 1396 3596 uti
1417 3533 1505 3620 apud
1530 3534 1688 3601 Plautum
1709 3539 1745 3604 in
1767 3547 1911 3623 creticis.

227 3642 375 3711 Mostell.
399 3645 425 3727 l,
447 3645 479 3725 4,
498 3645 550 3710 24.
861 3720 866 3729 ,

540 3760 612 3825 laim
633 3773 788 3826 revortar
809 3760 867 3825 diu
886 3761 893 3846 Ι
918 3761 965 3826 det
986 3759 1069 3825 'iam
1091 3760 1127 3825 id
1148 3761 1241 3829 mihi.

232 3872 359 3940 Eadem
387 3874 486 3940 huius
513 3875 608 3940 vocis
623 3888 686 3941 est
713 3897 871 3940 mensura
898 3875 936 3941 in
962 3875 1144 3964 quoniam,
1174 3876 1263 3960 quod
1285 3899 1304 3940 e
1326 3898 1429 3964 quum
1451 3887 1501 3941 est
1522 3888 1557 3943 et
1578 3877 1652 3944 iam
1671 3887 1910 3973 compositum.

233 3984 382 4074 Propert.
403 3990 513 4076 11‚38,
530 3995 581 4057 18.
1854 3994 1857 3998 “

541 4107 597 4174 Ao
620 4104 821 4193 quoniam
844 4116 1006 4191 agrestem
1028 4106 1173 4174 detraxit
1194 4106 1234 4171 ab
1256 4128 1316 4170 ore
1337 4103 1491 4190 figurem.

234 4214 326 4300 Ergo
348 4235 449 4299 quum
457 4223 636 4306 particulae
651 4221 718 4305 v'is,
740 4221 815 4291 inm
832 4219 993 4287 vocabulo
1012 4220 1144 4303 addito,
1166 4232 1307 4306 augetur
1328 4232 1359 4285 et
1375 4233 1593 4307 exaggeratur
1600 4245 1611 4303 3
1638 4224 1793 4316 idemque
1811 4232 1855 4302 lit
1872 4239 1912 4308 in

235 4332 349 4396 etima.
393 4329 483 4394 Nam
514 4344 545 4395 et
571 4336 714 4422 simplex
741 4357 871 4402 novum
899 4335 1024 4433 aliquid
1047 4333 1160 4400 afferri
1181 4334 1309 4400 etcum
1338 4335 1472 4433 relicuis
1496 4332 1672 4426 coniungi,
1701 4342 1776 4409 iam
1794 4364 1912 4423 autem

235 4445 384 4511 additum
406 4442 605 4512 sententiam
625 4469 717 4514 novo
741 4448 950 4516 incremento
977 4448 1108 4518 intendi
1129 4461 1164 4516 et
1182 4448 1376 4538 exaggerari
1397 4450 1572 4538 siguificat.
1593 4487 1639 4506 -
1686 4456 1778 4525 Tam
1798 4432 1912 4555 511de-
