4320 5414
1944 221 2018 312 s,

337 348 389 427 66

340 537 488 618 eliserit,
519 533 556 602 0.
583 532 762 603 Gaesarem
784 527 921 596 dixisse.
941 561 986 588 .-
1029 524 1244 610 Quisnam
1264 521 1434 591 minorem
1448 520 1563 592 enimi
1580 524 1848 605 oommotionern
1870 527 2027 612 ostendit,

342 676 445 742 quum
464 650 577 742 eequis
597 649 636 718 in
655 643 892 734 interrogando
911 639 1095 731 signifieat,
1114 661 1221 728 quum
1241 663 1324 708 nem
1339 639 1504 731 portionis
1523 650 1657 709 tentum
1670 661 1818 710 mosum
1834 665 1908 711 esse
1920 655 1953 710 et
1965 650 2026 710 rat·
2059 685 2066 695 ·

340 770 483 857 tionem,
505 790 567 836 our
580 786 790 855 quaeremus,
811 759 949 829 indicet.
981 758 1090 826 Plant.
1104 757 1203 826 Trin.
1211 757 1256 844 V,
1270 757 1370 841 2⁴⁶·
1386 754 1572 824 cruciant
1585 778 1644 822 ror
1655 755 1788 829 mihist
1801 771 1941 839 metuo.v
1969 758 2029 826 ce.
2108 762 2120 791 ⁸

344 885 568 972 Quidnam
588 882 720 951 idest?
764 879 866 946 Oorn.
892 877 983 967 Nep.
1009 872 1174 943 Themist.
1195 896 1224 940 c.
1237 879 1268 940 2.
1297 872 1467 941 unumne
1487 869 1643 960 Delpiioe
1660 871 1867 953 romulum,
1892 872 2030 961 quid.

344 1026 442 1070 uum
465 1000 623 1091 facerent
651 995 694 1062 de
721 991 818 1063 rebus
837 993 919 1060 suis.
962 992 1084 1079 Neque
1106 1014 1188 1058 nom
1207 1012 1285 1057 oum
1306 987 1435 1077 quirin
1456 1008 1565 1055 unum
1586 987 1739 1055 verbum
1751 988 1868 1072 coint,
1894 1010 2029 1054 neeesse

344 1131 404 1187 est
452 1117 589 1184 Plautus
623 1112 715 1179 enim
744 1131 845 1197 saepe
879 1131 962 1175 nom
992 1108 1035 1175 ab
1064 1105 1308 1194 interrogativo
1337 1102 1512 1192 disiungit,
1547 1104 1705 1190 idemque
1734 1103 1854 1170 Cicero
1885 1099 1964 1169 isoit
1992 1103 2031 1167 in

256 1222 262 1227 ⁸
339 1254 502 1307 ,sermone
527 1227 697 1297 familiari.
741 1226 794 1295 cf.
815 1224 858 1292 ed
879 1225 975 1292 Brut.
996 1229 1027 1290 2.
1056 1221 1213 1311 Quinque
1243 1230 1359 1289 auton
1386 1217 1578 1286 enitentibus
1599 1216 1711 1309 quid
1736 1239 1772 1284 ee
1792 1241 1888 1286 nom
1903 1216 2032 1309 sectu-

285 1332 289 1344 ¹
345 1371 425 1416 rum
444 1343 646 1416 arbitratur.
688 1342 803 1430 Quid,
826 1340 942 1428 qnod?
970 1362 1052 1406 nam
1072 1338 1173 1405 etium
1193 1335 1417 1428 praeponitur
1437 1334 1836 1423 virg.Georg.1v,ttt.

329 1430 335 1440 ἱ
659 1460 767 1526 Num
794 1457 888 1546 quis
917 1467 967 1539 te,
994 1456 1160 1523 iuvenum
1187 1442 1490 1536 confidentissime,
1522 1461 1653 1516 nostrus

639 1572 760 1639 'Iussit
780 1572 874 1639 odire
896 1571 1024 1639 domos.
1668 1656 1673 1669 „
1889 1646 1893 1653 ¹

279 1766 280 1771 ,
349 1692 514 1783 Nunquis
547 1713 569 1758 e
602 1711 684 1756 num
716 1685 946 1773 interrogandi
974 1685 1140 1775 particule
1169 1681 1411 1773 compositum,
1443 1668 1549 1768 quare
1578 1703 1648 1751 non
1673 1681 1791 1778 inepte
1816 1678 2035 1763 oontendnnt,
2095 1694 2097 1698 '

213 1802 223 1819 ⁶
349 1809 426 1898 quis
447 1831 487 1874 eo
508 1806 546 1872 in
572 1803 737 1883 vocabulo
762 1823 958 1892 pronomen
977 1823 1048 1868 esse
1068 1798 1302 1880 indefinitum,
1331 1809 1365 1866 et
1384 1796 1450 1863 hoe
1469 1797 1576 1863 verbo
1601 1799 1651 1862 nti
1670 1817 1768 1881 eum,
1793 1795 1852 1883 qui
1873 1795 2036 1862 dubiten-

348 1939 403 1991 ter
423 1933 581 2010 quaerat,
603 1917 745 2005 quiqu'e,
767 1938 851 1984 num
872 1936 946 1998 res,
978 1916 1021 1982 de
1034 1936 1101 2001 qua
1117 1912 1241 1981 certior
1256 1911 1330 1980 fieri
1343 1912 1473 2003 oupiot,
1493 1911 1533 1978 in
1546 1911 1746 1979 universum
1759 1911 1806 1977 ite
1817 1932 1889 1976 sese
1903 1909 2035 1993 habeor,

350 2036 444 2127 'opud
470 2034 623 2103 animum
653 2052 754 2097 sunm
780 2025 944 2120 reputet.'
980 2031 1073 2096 Nem
1102 2028 1187 2112 Quie
1213 2025 1360 2118 adsuit?
1388 2027 1448 2118 qui
1475 2026 1677 2110 sciscitetur,
1714 2027 1745 2092 is
1773 2025 1852 2111 scit,
1889 2023 2037 2093 adfuisse

351 2153 518 2239 sliquem3
552 2148 610 2233 qui
637 2169 721 2231 uero
742 2142 906 2235 Nunquis
927 2142 1074 2235 adfuit?
1098 2144 1251 2231 quaerit,
1276 2142 1324 2229 is,
1353 2154 1470 2210 utrum
1493 2141 1679 2231 quispiam,
1705 2163 1767 2208 neo
1787 2164 1851 2227 ne,
1877 2137 2038 2220 adiuerit,

333 2265 504 2351 'ambigit
604 2250 607 2256 ¹
683 2285 687 2293 ·
996 2298 999 2303 ·
1644 2294 1647 2299 ·

458 2381 493 2456 5)
519 2372 702 2461 Quomodo
731 2395 751 2439 a
780 2374 855 2462 qui,
890 2374 1092 2463 pronomine
1119 2373 1281 2456 relativo,
1310 2373 1465 2463 quisquis
1493 2372 1672 2464 discrepet,
1699 2371 1735 2439 id
1749 2392 1865 2461 supra
1891 2383 1941 2438 eet
1968 2393 2038 2438 ex·

352 2491 512 2585 positum.
554 2490 586 2555 E
607 2486 812 2577 pronomine
839 2487 981 2555 relativo
1002 2501 1176 2578 praeterea
1196 2489 1400 2577 quicunque,
1428 2489 1538 2577 quivis
1556 2501 1591 2557 et
1611 2485 1750 2576 quilibet
1771 2486 1946 2569 oriunturq
1977 2483 2038 2553 sed

351 2607 463 2698 quivis
482 2590 517 2675 et
536 2598 678 2694 quitu'et
699 2602 859 2691 qnoniam
881 2603 1018 2671 relativi
1033 2590 1164 2671 exuunt
1184 2615 1341 2671 naturam
1363 2613 1397 2670 et
1409 2606 1452 2671 ad
1468 2589 1636 2673 indefiniti
1647 2601 1927 2690 significationem
1941 2624 2039 2671 ncce-

219 2808 223 2815 ¹
351 2723 456 2808 dunt,
479 2719 585 2811 deiis
606 2719 671 2787 elio
695 2717 771 2784 loco
792 2716 884 2785 infre
913 2730 1039 2805 agetur.
1085 2719 1286 2808 Quicunque
1307 2719 1474 2811 copiosius
1494 2725 1525 2803 §.
1538 2724 1592 2788 27.
1615 2718 1847 2808 expliesbitnr.

457 2835 494 2913 ό)
511 2834 616 2918 ,ραίε
650 2816 842 2922 'pronomen
874 2832 1110 2916 indefinitum,
1147 2833 1238 2921 quod
1274 2834 1311 2900 in
1342 2836 1540 2904 universum
1567 2835 1715 2902 hominis
1743 2834 1836 2901 reive
1862 2833 2040 2905 notionem

355 2942 471 3018 mente
494 2960 693 3036 conceptam
714 2947 897 3034 significet,
928 2948 994 3013 late
1019 2960 1120 3044 patet.
1163 2948 1293 3015 Idcirco
1314 2950 1586 3018 Romanitmtus
1609 2950 1819 3038 pronominis
1834 2962 2041 3039 potestatem

358 3063 548 3148 augmentis
570 3061 786 3149 quibusdam,
819 3082 904 3148 quee
922 3059 1052 3148 singule
1072 3084 1249 3130 recensere
1266 3087 1358 3133 nunc
1379 3065 1521 3133 mihi-in
1543 3065 1656 3132 animo
1674 3074 1741 3148 est,
1768 3066 1953 3131 accuratius
1973 3065 2043 3141 de·

357 3175 552 3271 {iniverunt
597 3174 677 3262 Qua
698 3177 735 3244 in
759 3175 882 3245 reboo
901 3187 981 3244 ente
1001 3178 1284 3251 commonendum
1308 3194 1377 3263 est,
1403 3198 1489 3265 ques
1508 3178 1773 3270 ‹te-pronomine
1790 3178 1946 3266 simplior
1964 3180 2045 3246 tsa'-
2114 3230 2117 3234 -

356 3293 482 3360 dentur
506 3305 541 3360 et
566 3293 831 3384 praecipientur,
864 3292 983 3360 eedem
1007 3293 1051 3359 de
1076 3292 1264 3384 adverbiis,
1293 3316 1381 3383 quae
1406 3318 1427 3361 e
1443 3280 1701 3384 pronominibui
1719 3293 1905 3363 indefinitio
1922 3297 2045 3364 orian-

357 3419 428 3492 tur,
450 3407 573 3474 velere.

463 3519 502 3609 a)
516 3502 574 3586 ¹Ao
600 3519 750 3610 primum
773 3522 908 3610 quidem
934 3546 998 3614 pro
1020 3524 1096 3613 quis
1118 3524 1279 3594 dixerunt
1307 3529 1408 3595 etiem
1429 3528 1601 3617 quisquis,
1629 3527 1738 3614 qnod,
1763 3546 1866 3612 quum
1883 3527 2043 3614 repetitio

357 3634 572 3731 pronominis
602 3636 743 3704 eandem
771 3637 946 3705 notionem
971 3641 1009 3707 in
1037 3641 1191 3709 animum
1220 3656 1360 3711 revocet
1386 3665 1527 3731 eumque
1554 3642 1752 3726 confirmet,
1778 3640 1977 3708 tententiun
2000 3645 2045 3710 st

358 3776 495 3838 omnes,
521 3749 565 3818 td
592 3772 677 3838 quos
704 3752 826 3842 possit,
854 3755 1042 3844 pertinere,
1071 3758 1237 3846 significet
1263 3760 1341 3827 Liv.
1365 3759 1461 3828 XLI.
1488 3781 1515 3825 o.
1537 3763 1568 3827 8.
1596 3755 1737 3824 Libems
1763 3777 1841 3821 euos
1865 3753 2046 3841 quibus·

361 3868 515 3953 quibus
530 3867 702 3935 Romanis
718 3867 889 3955 usanoipio
908 3869 1054 3955 dabam,
1074 3874 1097 3940 i.
1111 3898 1141 3942 e.
1160 3875 1340 3960 Romanis,
1363 3874 1547 3942 dummodo
1562 3872 1711 3942 Romani
1725 3883 1846 3951 essent,
1863 3893 1927 3939 neo
1939 3870 2048 3957 quidq
2098 3884 2110 3897 ”

361 4000 462 4067 quem
482 3983 575 4050 eliud
596 3995 760 4051 curantes.
803 3985 939 4057 Lueret.
953 3988 998 4070 ΙΙ,
1019 3989 1094 4057 957,
1123 4028 1130 4040 .

672 4100 780 4189 Inque
800 4122 878 4167 suos
900 4104 1107 4193 quidquid
1128 4127 1245 4172 rursue
1264 4128 1426 4172 revocare
1445 4116 1588 4184 mestus,

363 4217 385 4282 i.
407 4237 438 4280 e.
458 4211 588 4296 omnin,
621 4238 795 4303 quaequae
818 4229 916 4304 sunt,
951 4241 1036 4306 quse
1065 4231 1204 4308 propter
1230 4242 1387 4309 magnam
1412 4242 1529 4287 rerum
1548 4216 1680 4308 oopiem
1703 4215 1887 4285 noeurtttins
1906 4215 2052 4286 definiri

363 4352 434 4396 non
455 4337 614 4418 possunt,
635 4330 677 4393 ud
700 4352 800 4414 quem
822 4355 957 4400 versum
971 4334 1159 4402 Lambinus
1173 4336 1296 4424 multos
1312 4336 1395 4403 alios
1407 4338 1497 4431 locos
1511 4333 1632 4401 attulit.
1678 4333 1928 4424 Saepenumero
1950 4337 2052 4421 quir

367 4446 539 4530 quiscum
563 4441 737 4534 puticulis
764 4456 796 4510 et
820 4448 1079 4532 pronominibus
1108 4451 1257 4521 relativis
1284 4432 1508 4540 coniungitur.
1539 4440 1621 4514 ³050.
1641 4448 1744 4515 Tuso.
1760 4448 1804 4535 V,
1825 4453 1875 4517 84.
1892 4447 2052 4531 ¹Bestiae,

2010 4577 2055 4629 ut
