4320 5414
125 368 399 478 .¹²·

228 583 263 636 et
281 593 336 635 sos
353 591 418 659 pro
440 589 493 633 coc
539 546 542 551 ‚
828 617 835 632 .

226 686 316 756 libro
338 685 366 752 1.
561 681 719 750 Constitit
738 680 818 746 inde
836 679 903 746 loci
923 690 1064 769 propter
1083 701 1138 746 sos
1154 678 1211 748 dia
1229 679 1390 764 dearum3

228 802 317 870 libro
337 802 403 868 111.
561 799 697 866 Circum
716 819 837 885 cosque
856 807 937 862 sunt
957 816 1098 883 magnae
1117 808 1232 883 gentes
1253 798 1450 890 opulentam

228 917 318 986 libro
332 917 408 986 VII.
557 916 645 983 Cum
659 923 850 997 censentur,
872 925 999 979 tenere
1013 912 1113 980 minis
1126 914 1348 982 hortanturve
1357 937 1431 996 eus3

231 1047 267 1105 et
284 1036 373 1103 libro
389 1033 454 1102 Xl.
558 1029 794 1113 contendunt,
824 1029 947 1095 Graios
964 1027 1111 1098 Graecos
1126 1052 1318 1101 memorare
1334 1033 1444 1099 solent
1455 1054 1519 1098 sas.
1544 1023 1548 1029 ’

232 1151 366 1240 Quibus
386 1173 430 1218 ex
449 1148 615 1241 exemplis
633 1158 789 1239 apparet,
810 1144 912 1215 stiam
931 1147 1022 1239 apud
1038 1146 1180 1216 [utinm
1194 1161 1324 1218 tantum
1340 1147 1569 1219 nominativos
1589 1161 1626 1220 et
1644 1154 1850 1222 accusativos
1869 1179 1919 1224 ex

109 1328 112 1335 .
233 1267 297 1336 bec
313 1267 429 1335 radice
447 1289 517 1334 esse
531 1266 712 1334 derivatos·
1467 1284 1477 1295 ·
1876 1277 1883 1282 ’

166 1376 171 1383 ’
323 1358 375 1465 Δ2)
398 1383 441 1449 ln
462 1384 526 1451 ltoc
547 1384 649 1472 igitur
674 1382 877 1472 pronomine
902 1359 1041 1471 proprie
1063 1382 1158 1450 nulla
1183 1381 1248 1448 nisi
1269 1380 1387 1448 tertiae
1407 1403 1573 1470 personne
1593 1383 1680 1453 inest
1699 1384 1917 1472 significatius

237 1499 304 1567 Sed
331 1521 438 1588 quum
464 1512 594 1568 veteres
622 1499 756 1586 linguae
783 1509 821 1565 ut
847 1499 993 1588 primam
1008 1510 1043 1564 et
1064 1497 1263 1584 secundm,
1292 1498 1341 1564 ita
1363 1498 1465 1566 etiam
1487 1500 1618 1566 tertiam
1638 1523 1818 1589 personam
1839 1524 1919 1570 cum

207 1615 336 1683 averbi
361 1616 598 1704 coniugatione
617 1615 876 1701 coniungerent,
910 1614 1054 1700 ideoque
1082 1613 1195 1679 minus
1213 1613 1440 1680 necessarlum
1462 1628 1565 1697 esset,
1594 1618 1755 1684 ut.tertia
1775 1640 1919 1707 persona

123 1746 126 1751 ’
237 1733 431 1822 propriane
449 1731 609 1824 peculiari
624 1731 789 1797 vocabulo
800 1730 1064 1816 significaretur,
1084 1752 1123 1795 ac
1136 1752 1200 1818 pro
1218 1753 1258 1797 ea
1270 1753 1371 1818 saepe
1386 1730 1488 1796 etiam
1503 1728 1763 1821 pronominibus
1778 1733 1922 1800 demon-

238 1849 385 1916 strativis
411 1859 607 1932 uterentur,
642 1846 862 1931 factumest,
889 1858 927 1912 ut
952 1845 1036 1912 illud
1058 1866 1249 1933 pronomen
1276 1844 1314 1910 in
1343 1844 1416 1911 aliis
1437 1845 1561 1932 linguis
1582 1848 1767 1913 maximnm
1788 1861 1921 1936 partem

239 1966 411 2049 interiret,
440 1965 477 2032 in
497 1963 570 2030 aliis
589 1984 672 2029 vero
694 1962 731 2027 in
754 1961 958 2048 singularem
979 1983 1078 2026 usum
1097 1972 1362 2029 converteretur.
1406 1962 1456 2029 lta
1477 1963 1515 2031 in
1532 1963 1637 2031 latina
1654 1963 1771 2050 lingua
1791 1962 1923 2030 accidit.

241 2079 349 2169 Apud
372 2079 449 2146 illos
473 2079 566 2149 enim
588 2078 619 2143 is
640 2099 849 2167 pronomen,
872 2097 978 2162 quum
996 2077 1032 2141 id
1053 2075 1209 2165 inprimis
1227 2091 1449 2168 usurparent,
1475 2079 1504 2145 si
1523 2079 1584 2166 qui
1597 2103 1786 2168 pronomen
1803 2101 1926 2167 seque-

243 2200 362 2281 batur,
380 2196 453 2262 vim
473 2193 605 2262 relativi
624 2194 835 2281 pronominis
856 2194 993 2281 accepit.
1035 2176 1199 2259 Perverse
1218 2193 1309 2260 enim
1327 2205 1470 2280 egerunt
1491 2193 1535 2277 ii,
1557 2197 1617 2281 qni
1636 2197 1667 2260 ic
1689 2198 1778 2277 inter
1796 2215 1929 2284 prono⁴

244 2312 338 2379 mina
357 2309 619 2393 demonstrativa
641 2309 838 2376 retulerunt.
881 2309 973 2387 Nam
988 2306 1019 2374 si
1039 2307 1341 2375 demonstrativum
1356 2322 1457 2394 esset,
1479 2309 1508 2376 ii
1525 2309 1690 2396 hominm,
1713 2312 1775 2399 qni
1787 2310 1925 2396 calcant,

114 2432 119 2447 ¹
245 2429 283 2493 in
296 2426 330 2492 ‘ia'
350 2425 502 2492 homines
519 2434 718 2513 praesentes
738 2438 831 2490 recte
854 2423 978 2490 mutari
997 2435 1128 2513 posset,
1155 2423 1192 2489 it
1214 2423 1307 2512 quod
1328 2424 1405 2492 fieri
1425 2426 1561 2512 nequit,
1591 2449 1696 2514 quum
1717 2426 1755 2492 ts·
1776 2427 1928 2492 homines

240 2554 434 2632 praesentes
447 2541 512 2608 dici
528 2541 644 2630 possit.
685 2542 729 2606 tte
740 2538 837 2607 facile
850 2539 1004 2622 sentitur,
1026 2538 1107 2625 quid
1120 2539 1261 2621 intersit,
1280 2552 1396 2607 utrum
1411 2542 1501 2609 dicas
1517 2544 1558 2628 is,
1581 2542 1775 2631 qniCaiam
1788 2542 1927 2640 occidit,

248 2658 411 2749 aufugit3
438 2683 483 2725 an
504 2658 578 2743 bic,
598 2657 680 2739 iste,
701 2655 779 2741 itte,
802 2655 863 2745 qui
877 2653 1000 2723 caim
1018 2654 1163 2741 occidit,
1183 2656 1339 2746 aufugit.
1382 2657 1454 2724 Hic
1468 2659 1580 2743 enim,
1601 2659 1681 2745 rste,
1709 2660 1770 2726 itte
1787 2661 1931 2726 demon·

248 2775 375 2842 strandi
394 2774 495 2842 habet
515 2775 588 2841 vim
595 2808 612 2857 ,·
635 2774 665 2840 is
685 2773 789 2867 modo
809 2770 983 2838 hominem
1005 2771 1171 2856 aliquem,
1201 2772 1243 2836 de
1264 2792 1331 2857 quo
1351 2773 1477 2861 aliquid
1499 2775 1728 2863 praedicatur,
1756 2775 1929 2863 significat.
2047 2778 2051 2785 “

251 2888 384 2977 Quibus
406 2889 671 2970 demonstratur,
693 2889 929 2978 iepronomen
948 2885 991 2956 uti
1003 2886 1232 2977 praedicatum
1246 2888 1380 2972 aliquod
1394 2884 1531 2973 referri,
1554 2903 1589 2958 ct
1605 2892 1693 2981 apud
1707 2893 1846 2959 Latinos
1858 2914 1932 2958 non

252 3005 424 3072 immerito
441 3004 699 3094 pronominibus
713 3002 864 3068 relativis
878 3002 1091 3071 adnumerari
1108 3023 1224 3089 posse,
1246 3001 1297 3066 uti
1310 3002 1499 3067 Priscianus
1513 3003 1604 3085 lecit,
1628 3007 1717 3095 apud
1733 3029 1835 3093 quem
1847 3009 1931 3074 ΧΠ.

105 3099 134 3200 ,’
198 3095 202 3103 ¹
252 3119 378 3187 lnstitt.
393 3142 533 3207 gramm.
545 3122 659 3203 1.§‚8.
679 3120 761 3186 haec
771 3120 875 3187 verba
886 3120 1062 3206 leguntur=
1087 3117 1227 3184 Tertiae
1236 3138 1400 3204 personae
1412 3116 1488 3182 alia
1500 3130 1579 3184 sunt
1592 3118 1869 3208 demonstrativa,
1892 3133 1936 3188 ut

257 3233 312 3298 bic
326 3247 358 3301 ct
376 3236 458 3316 iste3
481 3235 576 3305 alia
598 3235 812 3321 relativo,
834 3246 881 3300 nt
900 3236 958 3315 ie,
979 3234 1067 3317 σαῖς
1089 3235 1167 3301 olio
1181 3220 1283 3300 niodo
1303 3231 1581 3315 demonstrativa,
1604 3234 1704 3302 niodo
1718 3238 1875 3324 relativa,
1894 3250 1933 3305 ut
2013 3220 2019 3229 ⁸

258 3349 341 3429 iste,
363 3350 443 3437 ipse.
484 3349 608 3419 Differt
627 3363 743 3419 autem
766 3353 796 3417 ie
818 3352 896 3420 itna
912 3351 973 3439 qui
984 3330 1186 3440 pronomine
1202 3351 1362 3437 relativo,
1382 3351 1546 3440 utquiad
1558 3353 1746 3422 subiectum
1759 3355 1937 3443 referatur,

259 3464 350 3551 quod
373 3476 467 3560 extra
487 3464 552 3531 hoc
569 3467 778 3553 membrum,
807 3467 845 3533 in
865 3487 932 3552 quo
955 3468 1017 3556 qui
1036 3469 1142 3553 inest,
1169 3478 1219 3534 est
1232 3467 1379 3558 positum
1400 3480 1433 3535 et
1448 3480 1506 3535 aut
1517 3469 1680 3537 antecedit
1696 3484 1753 3537 aut
1767 3473 1936 3558 sequitur3

196 3580 203 3589 '
261 3581 291 3646 ic
306 3579 473 3648 referatur
488 3580 531 3646 ad
550 3583 797 3670 praedicatum,
819 3582 911 3670 quod
926 3596 1022 3651 extra
1035 3589 1245 3666 membrum,
1267 3586 1383 3672 inquo
1396 3586 1426 3652 ic
1439 3591 1541 3671 inest,
1563 3588 1761 3653 collocatum
1775 3600 1833 3653 est.

367 3699 405 3781 8)
426 3696 500 3763 Iam
520 3694 703 3765 videndum
726 3712 797 3785 est,
820 3724 865 3767 un
883 3700 974 3766 idem
995 3699 1113 3766 tertiae
1131 3721 1295 3788 personae
1310 3724 1500 3790 pronomen
1516 3705 1605 3793 apud
1624 3705 1772 3771 Graecos
1786 3705 1936 3794 reperia-

182 3823 185 3828 ’
263 3824 327 3878 tur.
370 3815 421 3882 At
441 3832 507 3899 quo
527 3812 631 3899 magis
652 3829 782 3883 veteres
801 3817 1012 3883 Graecorum
1033 3815 1245 3903 grammatici
1266 3820 1303 3883 in
1325 3818 1424 3884 huius
1439 3822 1650 3909 pronominis
1668 3822 1784 3887 formis
1799 3845 1938 3889 errave-

264 3939 363 4010 runt,
386 3950 426 3996 eo
447 3927 553 4015 magis
572 3932 762 3998 cavendum
782 3944 852 4018 est,
872 3954 936 4012 ne,
957 3928 1038 3998 dum
1060 3954 1234 4022 perversas
1255 3933 1393 4001 illorum
1406 3931 1585 4003 sententias
1597 3937 1752 4005 refellere
1765 3962 1938 4024 conamur,

267 4042 305 4110 in
323 4042 404 4109 alios
424 4045 489 4136 ipsi
510 4069 640 4113 errores
658 4046 857 4116 incidamus.
901 4048 1018 4135 Quum
1035 4049 1125 4137 apud
1140 4048 1379 4118 Graecos'lere
1401 4051 1465 4118 hoc
1483 4075 1676 4141 pronomen
1698 4068 1805 4121 totum
1829 4058 1939 4122 inter-

268 4156 400 4225 cidisset
426 4171 461 4224 et
485 4162 682 4248 paucissima
711 4166 782 4232 eius
811 4165 950 4252 vestigia
974 4177 1107 4232 servata
1130 4177 1258 4250 essent,
1284 4166 1375 4233 inter
1391 4189 1525 4255 graecos
1549 4173 1783 4256 grammaticos
1803 4175 1844 4240 de
1867 4173 1942 4242 eius

270 4273 383 4340 forma
403 4295 474 4337 non
497 4280 663 4346 convenit
706 4279 781 4348 Alii
800 4283 936 4366 enimi,
961 4278 1018 4348 alii
1043 4281 1265 4349 istatuebant
1285 4284 1534 4351 nominativum
1556 4309 1636 4352 esse.
1679 4277 1805 4354 Utrum
1820 4313 1942 4358 verum

270 4389 328 4472 sit,
351 4412 390 4457 eo
406 4386 574 4455 difficilius
596 4393 706 4457 estad
726 4395 995 4481 diiudicandum,
1018 4399 1126 4486 quod,
1145 4398 1203 4487 qui
1215 4420 1303 4464 unus
1318 4413 1602 4467 commemoratur
1615 4405 1725 4489 locus,
1744 4404 1779 4470 in
1797 4430 1863 4494 quo
1877 4409 1941 4493 boc

270 4525 458 4591 pronomen
479 4505 644 4595 extiterit,
666 4505 696 4573 is
717 4507 801 4576 adeo
821 4526 1000 4603 corruptus
1019 4527 1087 4603 est,
1110 4526 1163 4604 ut,
1185 4513 1251 4581 nisi
1271 4535 1361 4583 nove
1373 4513 1520 4582 subsidia
1534 4515 1649 4585 critica
1664 4519 1861 4602 afferantur,
1881 4522 1943 4591 vix
