4320 5414
144 563 256 643 miae
282 575 316 633 ιι
343 559 434 629 aliur
454 571 503 639 'er
522 559 594 627 alie
625 579 669 637 ex
696 577 765 626 uns
790 536 1119 643 radice'ortapnnss
1148 555 1276 660 eodem:
1296 556 1419 647 enjus,
1445 557 1596 627 indicum
1618 560 1836 659 vocabulum,

148 682 250 759 oredo
270 702 341 752 esse
360 676 598 764 referendum,
619 677 774 775 quamvis
793 677 860 746 alia
881 676 1013 763 verba,
1029 676 1069 745 in
1088 674 1215 764 quibus·
1231 684 1308 748 net
1328 674 1344 741 l
1363 676 1494 745 litterae
1513 677 1583 753 aiut
1596 691 1833 775 commutatae,

144 800 231 869 mibi
251 821 322 867 nou
343 794 481 866 suntin
502 808 708 887 pmmtm-
744 795 826 867 -Indl
845 791 1074 866 tramittam
1089 801 1394 882 praetermorem
1410 793 1553 882 hebent,
1582 818 1666 887 quae
1683 792 1837 871 dirersi-¹

145 925 250 985 tatem
270 913 417 983 iudicate
444 932 573 1001 paras,
596 927 708 1004 pare,
732 937 880 1005 param,
907 912 1004 982 euius
1022 910 1114 990 ,ideo
1133 907 1261 985 mentio
1281 920 1331 976 est
1356 907 1527 996 iacienda,
1558 916 1647 1002 quod
1668 912 1834 982 nonnulle

145 1043 232 1099 suut-
250 1028 355 1095 letina
377 1031 563 1129 voeabula,
591 1055 693 1119 quae,
725 1035 782 1099 ubi
804 1032 847 1102 ab
868 1031 984 1105 eadem
1006 1028 1119 1106 radice
1139 1026 1286 1116 repetis,
1312 1024 1446 1097 facilem
1467 1010 1592 1107 hebent
1611 1029 1837 1119 explicatum

146 1145 306 1229 Quorum
330 1147 478 1231 primum
503 1159 553 1212 est
567 1147 749 1238 perendie,
781 1148 815 1213 id
839 1147 929 1213 enim
953 1171 972 1212 e
995 1145 1128 1213 duobus
1148 1141 1331 1210 conflatum
1354 1156 1404 1212 est
1422 1144 1611 1229 vocabulis,
1634 1165 1740 1234 peren
1760 1142 1854 1224 dies

143 1261 168 1327 i.
190 1285 220 1326 e.
247 1259 319 1325 alio
351 1258 425 1339 die,
456 1259 678 1347 (et§.17.);
712 1266 853 1330 alterum
884 1274 933 1327 est
958 1281 1160 1348 perperam,
1187 1257 1210 1323 i.
1224 1282 1255 1324 e.
1273 1258 1381 1347 plane
1401 1260 1474 1325 alio
1495 1271 1598 1349 atque
1616 1256 1829 1348 exspectabas

145 1372 264 1453 modo,
295 1372 350 1458 (of.
380 1378 407 1457 §.
425 1375 513 1462 22.);
546 1381 684 1445 tertium
706 1377 850 1464 denique
874 1376 974 1443 huius
1001 1374 1098 1440 verbi
1127 1373 1305 1460 vestigium
1333 1376 1370 1441 in
1390 1397 1530 1466 peregre
1549 1375 1621 1442 eive
1641 1374 1775 1464 peregri
1797 1356 1831 1439 el

139 1511 281 1578 pereger
305 1501 338 1555 et
360 1472 563 1579 peregrinus
595 1493 729 1560 videtur
754 1495 871 1569 latere.
912 1493 1004 1561 Nem
1027 1501 1253 1578 peregrep'e'n
1270 1492 1409 1582 peregri
1440 1503 1490 1557 est
1510 1491 1649 1558 locatiri
1670 1488 1781 1556 forma
1796 1499 1830 1554 et

147 1592 185 1670 iri
205 1604 277 1669 alio
299 1627 384 1692 agro
407 1606 591 1701 signifieat,
628 1619 662 1674 et
682 1630 823 1696 pereger
842 1618 875 1672 et
889 1604 1090 1693 peregrinae
1111 1605 1138 1668 is
1161 1618 1226 1684 est,
1257 1609 1314 1691 qui
1335 1608 1406 1672 alio
1429 1608 1467 1673 in
1488 1630 1571 1696 agro
1594 1605 1740 1689 habitat,
1770 1615 1831 1667 'ex-

54 1734 56 1738 ‘
146 1733 282 1802 terreus,
313 1714 510 1795 ἀλλοδαπός(
537 1704 688 1789 Fuerunt
711 1722 866 1809 quidem,
896 1721 955 1807 qui
976 1720 1012 1783 iu
1030 1716 1231 1806 peregrinae
1243 1743 1308 1808 per
1328 1724 1612 1810 praepositionem
1633 1722 1741 1786 inesse
1761 1738 1830 1808 pu-

146 1846 276 1917 tarent3
305 1858 362 1900 eos
387 1858 470 1902 vero
492 1859 606 1902 errare
616 1858 882 1924 ,eperagrare
903 1845 1053 1924 apparet.
1094 1835 1216 1920 Neque
1240 1838 1349 1919 enim,
1379 1838 1440 1925 qai
1459 1842 1643 1927 peragrat,
1672 1849 1721 1903 est
1743 1855 1829 1922 per-

145 1971 223 2038 eger·
252 1971 311 2015 seu
333 1951 553 2040 peregrinus,
583 1973 709 2038 neque,
737 1951 794 2037 qui
815 1971 878 2061 per
900 1970 1017 2035 agrum
1037 1950 1149 2030 venit,
1172 1950 1315 2038 peregre
1334 1955 1445 2034 venit3
1475 1974 1584 2040 neque
1607 1944 1690 2019 vero
1712 1971 1827 2016 caussa

144 2048 326 2154 ep'p'are'ls
321 2086 383 2130 our
398 2064 435 2131 in
453 2066 674 2156 peregrinus,
690 2087 833 2156 peregre
855 2074 889 2130 et
908 2086 1064 2154 pereger,
1084 2063 1114 2129 si
1136 2064 1218 2129 haee
1232 2069 1337 2134 verba
1354 2068 1490 2150 eodem,
1513 2081 1614 2155 atque
1623 2088 1825 2156 peragrare,

20 2262 25 2270 ἱ
143 2178 246 2247 modo
275 2191 348 2245 orta
370 2192 466 2265 sunt,
496 2205 538 2266 a,
560 2181 712 2280 qupdin
733 2203 916 2269 peragrare
931 2194 998 2263 est,
1020 2180 1057 2245 in
1074 2186 1271 2245 emutatum
1285 2183 1337 2249 sit
1358 2218 1403 2235 -·
1445 2184 1623 2251 Praeterea
1635 2205 1723 2251 ιιιιιιι
1737 2182 1827 2270 apud

143 2297 284 2363 Latinos
302 2297 514 2385 pronominis
534 2320 617 2387 prae
638 2296 763 2364 refert
784 2296 948 2386 speeiem,
971 2306 1006 2364 et
1027 2316 1103 2360 oum
1122 2316 1243 2382 graeco
1264 2292 1376 2378 ete-e
1398 2311 1433 2366 et
1452 2300 1591 2388 gothico·
1606 2299 1714 2381 dine,
1731 2298 1834 2378 dina,

23 2464 26 2468 .
147 2412 271 2478 ainata
290 2412 363 2477 aire
385 2412 462 2496 din,
489 2413 580 2500 quod
602 2436 664 2479 nos
686 2414 722 2478 in
746 2413 857 2488 einer,
883 2413 975 2491 eine,
1005 2411 1095 2473 eines
1117 2411 1455 2496 transformavimus,
1479 2415 1656 2497 cohaerere
1677 2414 1828 2501 putalur.

55 2507 58 2512 ’
146 2525 445 2608 Quemadmodum
473 2536 586 2591 autem
609 2548 628 2590 e
648 2525 766 2589 vinum
787 2521 961 2603 vinulam,
992 2518 1129 2602 villum,
1160 2541 1179 2585 e
1205 2523 1425 2591 manaluviae
1445 2513 1642 2609 mellariae,
1671 2510 1832 2632 ebertus,

144 2639 235 2728 quod
264 2660 328 2726 pro
356 2635 462 2703 bonus
483 2639 666 2727 antiquitus
687 2637 877 2718 dicebatur,
907 2634 1067 2717 bonulus,
1097 2634 1220 2700 bellus.
1250 2638 1296 2703 sio
1324 2660 1369 2704 ex
1389 2663 1476 2706 unus
1497 2640 1638 2725 unulus,
1669 2638 1764 2705 bllus
1777 2644 1827 2705 est

40 2836 45 2841 Ι
145 2770 269 2824 ortum.
314 2754 447 2842 Quodsi
469 2777 556 2820 naue
581 2753 747 2840 aliquem,
778 2751 914 2849 numeri
941 2749 1071 2816 ratione
1092 2749 1221 2834 hain,
1248 2776 1292 2818 ex
1320 2766 1446 2823 cetero
1457 2750 1658 2824 bominum·
1665 2776 1827 2823 ιιιιιιιιισ
1863 2746 1867 2756 “

144 2864 263 2940 ordine
292 2880 465 2936 exemtum
490 2869 637 2950 indicat,
667 2868 766 2946 huius
797 2866 944 2934 notionis
973 2858 1026 2933 ιιι
1048 2886 1109 2955 per
1130 2846 1305 2933 unaue
1278 2891 1350 2938 sive
1356 2866 1495 2939 ιίἷὶιιι’
1484 2887 1531 2942 ita
1552 2870 1760 2953 attenuatur,
1787 2878 1828 2936 ut
1944 2932 1947 2937 .

143 2990 184 3056 ad
208 2986 408 3074 quemlibet,
438 2986 496 3072 qui
518 2985 690 3063 numerari
720 2983 847 3072 poerit,
876 2980 1120 3050 transferratur
1134 3016 1180 3030 -
1232 2982 1332 3051 Solus
1358 3001 1471 3056 autem
1500 2989 1559 3077 qni
1583 3001 1649 3074 est,
1674 2988 1703 3053 is
1730 2989 1860 3079 item,-

145 3101 277 3170 uumeri
295 3101 424 3167 ratione
444 3100 578 3184 habita,
600 3123 647 3166 ex
667 3114 779 3168 cetero
801 3099 921 3166 ordine
942 3096 1121 3179 eximitur,
1141 3097 1242 3165 simul
1264 3117 1376 3169 autem
1397 3105 1501 3170 alium
1523 3107 1670 3170 eiusdem
1692 3102 1825 3190 generis

146 3219 258 3287 adesse
286 3227 439 3302 negatur.
483 3214 582 3281 Solus
603 3214 715 3296 enim,
745 3215 795 3281 uti
818 3217 847 3299 §.
864 3217 918 3301 12,
933 3219 964 3284 8.
988 3212 1183 3305 docuimus,
1202 3215 1324 3300 estis,
1356 3217 1508 3304 quisine
1534 3217 1632 3284 tertio
1654 3216 1827 3305 quopiam,

143 3355 221 3421 ergo
250 3332 417 3398 seiunctus
448 3354 468 3397 a
495 3343 606 3397 cetero
634 3330 813 3412 hominnm
841 3328 1044 3397 commercio
1075 3343 1108 3396 et
1133 3352 1248 3416 rerum
1270 3333 1480 3401 connexione
1501 3315 1563 3399 est.
1583 3368 1629 3382 -
1671 3333 1712 3398 ln
1734 3342 1825 3419 latua

51 3531 55 3537 Ι
139 3448 301 3532 denique,
330 3444 421 3533 quod
450 3470 521 3514 non
549 3468 627 3514 eum
655 3457 744 3514 tecue
767 3458 816 3513 est
843 3445 1136 3528 commutandum,
1161 3446 1308 3537 partium
1334 3450 1421 3518 ratio
1450 3449 1610 3535 habetur,
1640 3426 1845 3537 omnesque
1914 3477 1923 3492 ·

138 3574 252 3656 partes
279 3586 350 3629 esse
370 3563 563 3632 coniunctas
584 3585 695 3652 neque
716 3563 819 3630 ullam
842 3562 976 3644 deesse,
1003 3558 1202 3631 declaratur.
1239 3641 1242 3645 ι

907 3777 1107 3871 §.lb¹

201 3973 210 3986 κ
273 3918 337 3974 ιιι
370 3918 686 3980 ιιοιιοιιιιιιιι
719 3871 1074 3979 ιιοιιιιιιιοιιιιι
1103 3921 1286 3985 ennaea:
1318 3924 1522 3997 ouoolu
1551 3918 1742 3984 ιιιιι
1816 3880 1823 3891 ’

839 4000 1126 4085 arrianam
1298 4036 1308 4047 -
1384 4042 1388 4051 ·

241 4154 286 4220 In
308 4153 402 4222 omni
423 4175 538 4220 rerum
556 4126 679 4222 natura
696 4154 882 4245 plurimum
901 4154 1022 4245 refert,
1043 4180 1128 4226 num
1149 4180 1291 4255 quares
1312 4146 1489 4250 singularis
1508 4158 1570 4244 sit',
1585 4125 1643 4227 'an
1665 4130 1831 4249 cumdu-¹

141 4272 224 4337 abus
243 4267 439 4364 pluribnsre
463 4269 653 4337 coniuncta.
695 4272 814 4359 Itaque
835 4273 925 4361 etin
946 4274 1123 4341 nominum
1144 4275 1367 4342 declinatione
1389 4289 1422 4343 et
1444 4277 1482 4345 in
1501 4274 1690 4344 verborum
1702 4274 1824 4340 coniu-

140 4383 276 4471 gatione
296 4384 480 4470 peculiares
500 4384 695 4472 singularis,
723 4384 831 4455 dualis
848 4371 1033 4477 etplnralis
1048 4389 1188 4457 numeri
1209 4389 1339 4458 formae
1352 4404 1450 4461 naue
1463 4404 1553 4459 sunt.
1596 4390 1723 4457 Eadem
1739 4409 1824 4452 vero

141 4496 230 4609 ratio
248 4494 375 4580 effecit,
397 4507 436 4565 ut
457 4499 499 4566 de
517 4501 688 4570 nonnullis
709 4521 843 4593 quoque
860 4505 1120 4595 pronominibus
1139 4505 1270 4579 formae
1288 4506 1452 4596 quaedam
1469 4507 1723 4593 derivarentur,
1746 4503 1824 4590 qui·
1873 4576 1877 4584 ,
1922 4548 1925 4553 -
