4320 5414
298 354 353 449 ³4.

470 546 625 628 Letll.
658 543 921 630 Declinetio.
964 616 967 625 ,
1038 564 1055 571 ”
1112 594 1115 601 -
1169 584 1172 589 -
1355 537 1777 640 ·''ll·l.'Declinatio.'

623 703 625 706 ⁴
992 681 1311 776 Floralia

511 867 612 915 masc.
704 842 795 934 sem.
850 916 853 921 ⁴
937 838 1050 907 neutr.
1265 844 1370 937 mese.

301 963 404 1039 Nom.
507 963 567 1050 qui
699 982 783 1046 quae
897 954 1013 1047 (quae)
1032 978 1097 1043 qua
1124 938 1151 972 '¹
1233 964 1341 1045 ques‘
1396 964 1403 979 “

366 1086 371 1094 ’
506 1079 544 1144 hi
631 1062 635 1071 Ι
665 1062 667 1067 ⁸
700 1076 763 1141 hae
876 1071 1011 1162 '(haec)
1229 1059 1233 1065 ⁵
1287 1044 1346 1122 -'-·¹
1387 1045 1415 1077 ’μ

302 1178 393 1263 Gen.¹
507 1178 653 1280 quorum
698 1212 840 1277 quarum
898 1210 1044 1275 quorum
1274 1172 1337 1239 '-'-
1364 1166 1369 1261 ,⁴

245 1292 251 1300 λ’
367 1317 369 1321 ’
512 1308 636 1374 horu'm
701 1305 823 1372 harum
896 1305 1019 1369 horum
1294 1298 1369 1350 -”
1424 1282 1438 1287 Η

302 1426 378 1491 Dat.
514 1423 626 1510 queis,
647 1422 778 1509 generis
793 1418 902 1487 omnis
1234 1402 1354 1504 quibus
1361 1468 1370 1501 ,
1398 1416 1528 1504 generis
1554 1416 1665 1482 omnis

304 1555 338 1608 et
358 1535 472 1606 Ablet.
514 1536 567 1602 his
674 1571 720 1586 -
821 1572 867 1588 -
1233 1533 1351 1629 bibus,
1375 1534 1507 1618 generis
1532 1532 1645 1600 omnis

304 1661 425 1723 Aecus.
512 1673 597 1739 quos
702 1673 782 1737 quas
894 1646 1010 1738 (quae)
1035 1671 1101 1738 qua
1236 1669 1316 1734 ques
1596 1685 1641 1700 -
1847 1644 1930 1731 quia

511 1768 573 1832 hos
708 1767 767 1832 has
903 1763 1013 1854 (baec)

411 1956 449 2039 4)
470 1952 587 2040 Itaque
604 1973 709 2039 quum
725 1976 745 2019 a
759 1974 814 2018 me
826 1951 870 2018 sit
883 1949 1087 2042 expositum,
1108 1949 1252 2033 diversa,
1274 1970 1359 2035 quae
1371 1962 1683 2026 commemorentur
1697 1962 1732 2017 et
1743 1946 1830 2039 apud
1841 1947 1993 2013 Graecos

307 2087 343 2142 et
359 2070 448 2162 apud
463 2067 606 2135 Latinos
623 2066 826 2157 pronomina
844 2064 1126 2149 demonstrativa,
1156 2090 1199 2132 ex
1213 2089 1282 2132 una
1298 2064 1410 2132 radice
1424 2077 1498 2132 orta
1511 2088 1599 2150 esse,
1622 2079 1792 2154 superest,
1814 2076 1853 2130 ut
1865 2062 1995 2129 horum

213 2256 218 2264 ,
307 2187 517 2275 singulorum
531 2184 773 2272 pronominum
786 2181 1046 2269 significationes
1061 2202 1139 2247 cum
1156 2180 1276 2247 radicis
1290 2181 1400 2269 prima
1412 2182 1551 2249 notione
1564 2197 1749 2269 congruere
1764 2178 1993 2246 ostendamus.

309 2304 404 2369 Nam
419 2321 504 2389 quae
517 2299 620 2366 verba
632 2321 700 2365 una
714 2320 759 2363 ex
772 2296 884 2364 radice
898 2309 978 2364 nata
992 2320 1062 2363 esse
1077 2297 1244 2378 dicuntur,
1266 2319 1384 2365 eorum
1397 2296 1658 2384 significationes
1673 2296 1754 2362 tales
1768 2317 1839 2361 esse
1854 2281 1995 2377 debent,

307 2429 347 2484 ut
369 2406 414 2484 en
433 2436 501 2482 une
522 2413 668 2499 quadarn
690 2411 862 2478 communi
882 2412 1040 2498 notione,
1062 2422 1220 2498 tanquam
1237 2411 1390 2500 estirpe,
1411 2411 1576 2501 proficisci
1591 2413 1737 2501 possint..
1769 2410 1885 2497 Quare
1900 2431 1999 2476 enu-

308 2532 486 2600 cleandum
509 2539 610 2615 etque
632 2528 872 2618 exponendum
892 2540 957 2611 est,
978 2526 1148 2616 quomodo
1167 2550 1235 2593 una
1254 2529 1466 2617 pronominis
1480 2528 1737 2596 demonstrativi
1749 2525 1844 2593 notio
1856 2526 1998 2615 paulla-

229 2710 236 2718 ,
307 2649 371 2718 tim
383 2642 587 2734 amplificata
600 2659 634 2712 et
647 2646 782 2712 dilatata
793 2643 852 2727 sit,
873 2655 904 2709 et
921 2643 1043 2725 varias,
1065 2665 1146 2730 quas
1159 2643 1270 2729 habet,
1292 2641 1552 2728 significationes
1566 2643 1740 2732 acceperit.
1781 2643 1895 2730 Atque
1909 2639 1997 2707 illud

309 2760 446 2849 quidem
465 2760 542 2825 luce
562 2759 684 2826 clarius
697 2771 763 2844 est,
786 2759 895 2845 ipsam
912 2757 1161 2824 demonstrandi
1173 2757 1244 2822 vim
1260 2756 1403 2844 primam
1420 2770 1453 2822 et
1466 2758 1640 2848 propriam
1658 2757 1766 2824 nostri
1780 2758 2000 2847 pronominis

310 2900 381 2944 esse
401 2852 689 2965 significationem.
733 2872 834 2961 Quod
855 2873 946 2939 enirn
960 2873 1165 2940 vocabulum
1185 2871 1304 2961 primis
1317 2869 1526 2957 hominibus,
1547 2878 1605 2962 qui
1618 2873 1748 2960 linguas
1765 2873 2000 2956 inveniebant,

218 3074 221 3087 Ι
310 2991 418 3075 magis
441 2989 664 3054 necessarium
685 2999 775 3070 erat,
799 3010 899 3073 quam
923 2987 993 3055 eius
1006 2987 1100 3054 modi
1118 3009 1326 3075 pronomen,
1349 3009 1501 3073 queres,
1525 3009 1669 3072 quarum
1688 2991 1829 3056 nomina
1842 2990 2002 3056 nondum

310 3102 494 3187 habebant,
524 3101 739 3168 ostenderent
766 3101 939 3191 digitisque
964 3104 1213 3170 monstrarent?
1252 3101 1308 3170 Ac
1330 3082 1479 3191 prirnum
1509 3103 1679 3188 quomodo
1708 3102 1836 3171 factum
1862 3104 1927 3189 sit,
1966 3120 2007 3174 ut

309 3241 499 3308 pronomen
521 3217 823 3284 demonstrativum
842 3219 976 3285 relativi
998 3219 1034 3284 in
1053 3242 1152 3285 usum
1175 3217 1422 3300 converterint,
1446 3239 1518 3284 non
1539 3216 1680 3286 difficile
1697 3232 1747 3286 est
1766 3219 1865 3285 dictu.
1907 3223 2007 3289 Nam

311 3332 492 3399 relativum
521 3352 656 3419 quoque
681 3354 873 3420 pronomen
900 3333 1150 3403 demonstrandi
1177 3335 1277 3401 habet
1296 3333 1388 3416 vim,
1411 3332 1590 3422 quoniam,
1612 3336 1641 3400 si
1661 3334 1718 3400 tte
1740 3334 1859 3420 Immo,
1881 3336 2007 3425 quide

313 3443 407 3512 nobis
421 3457 665 3534 percunctatus
689 3458 755 3532 est,
786 3449 943 3533 dicimus,
975 3450 1035 3537 qui
1055 3428 1159 3516 verbo
1182 3450 1224 3516 sd
1244 3471 1368 3515 novam
1392 3450 1559 3536 quandam
1581 3451 1652 3517 eius
1673 3449 1841 3533 hominis,
1870 3451 2006 3540 dequo

307 3561 499 3650 loquimur,
521 3563 761 3652 proprietatem
784 3563 917 3629 animus
939 3565 1136 3647 attenditur,
1160 3586 1267 3651 eaque
1282 3563 1544 3631 demonstratur.
1585 3567 1672 3632 Eam
1686 3588 1764 3635 cum
1778 3568 2006 3636 antecedente

309 3676 457 3765 quadam
476 3678 614 3743 notione
635 3676 858 3765 copulandam
876 3701 964 3761 esse,
994 3681 1028 3745 id
1048 3683 1247 3770 plerumque
1269 3703 1314 3746 ex
1335 3690 1444 3745 cetera
1463 3681 1614 3749 oratione
1633 3680 1682 3746 ite
1704 3695 1755 3749 est
1766 3683 2004 3770 perspicuum,

309 3806 349 3860 ut
371 3792 442 3860 eius
465 3793 516 3857 rei
529 3790 729 3877 significatio
751 3792 852 3880 plane
875 3793 983 3861 omitti
996 3794 1109 3882 possit
1152 3796 1269 3881 ltaque
1291 3815 1407 3862 omnes
1426 3796 1565 3882 populi,
1587 3796 1629 3862 de
1644 3818 1790 3884 quorum
1806 3797 1930 3882 linguis
1944 3801 2005 3867 hic

310 3908 435 3993 agitur,
470 3906 513 3973 sd
534 3927 726 3994 pronomen
751 3907 930 3974 relativum
956 3907 1216 3998 exprimendum
1241 3908 1667 3978 demonstrativiradicem
1688 3911 1934 3999 adhibuerunt,
1965 3931 2003 3984 et

310 4020 348 4082 in
368 4021 540 4090 nonnullis
564 4020 686 4108 linguis
710 4043 753 4087 ne
775 4045 815 4087 eo
840 4022 974 4109 quidem
1004 4036 1172 4112 tempore,
1201 4047 1267 4112 quo
1289 4025 1331 4090 ab
1353 4024 1426 4091 aliis
1446 4027 1582 4115 populis
1600 4025 1733 4114 singula
1751 4028 2004 4113 pronominum

310 4152 432 4218 genera
454 4136 594 4202 diversis
615 4135 735 4204 formis
755 4136 1044 4220 discernebantur,
1072 4139 1217 4206 relativo
1239 4136 1350 4204 forma
1372 4139 1438 4205 alia
1458 4151 1559 4227 atque
1577 4141 1843 4209 demonstrativo
1863 4165 2002 4232 prono·

311 4238 397 4313 mini
411 4259 460 4310 est
473 4248 588 4318 indita.
618 4249 807 4321 Germanos
821 4253 955 4340 quidem
968 4251 1154 4338 normann,
1176 4251 1251 4318 der
1264 4251 1356 4340 diffs
1366 4252 1497 4341 gethan
1509 4256 1583 4339 hat,
1605 4259 1869 4342 dicereconstat,
1889 4283 2002 4350 neque

310 4358 399 4450 apud
415 4359 562 4426 Graecos
581 4363 760 4448 antiquitus
780 4370 914 4435 relativi
934 4381 968 4435 et
985 4367 1241 4435 demonstrativi
1261 4368 1472 4454 pronominis
1492 4370 1621 4439 formas
1641 4364 1792 4440 diversas
1808 4372 1934 4459 fuisse,
1957 4399 2004 4444 ex

310 4474 457 4544 Homeri
481 4471 684 4544 carminibus
704 4478 783 4545 satie
802 4480 940 4570 intelligi
964 4483 1050 4553 licet
1103 4482 1224 4554 Altera
1246 4493 1359 4552 autem
1386 4485 1533 4569 quaestio
1557 4485 1732 4558 difficilior
1753 4488 1892 4570 videtur
1915 4512 2004 4580 esse,
