4320 5414
227 310 294 413 203

205 510 265 574 et
288 501 397 591 Orph.
427 497 558 585 Asgon.
576 497 676 564 ·.1241

573 620 648 705 τοίῳ
670 633 726 698 σφι
750 614 861 703 1οορῶ
881 608 1111 697 πεπαλαγμένον
1127 608 1207 679 lori.

230 758 298 828 quo
318 736 356 802 in
377 717 452 801 loco
463 756 520 817 σφι
520 728 578 797 ad
591 729 730 820 pluralis
744 727 879 795 numeri
893 749 1073 816 personam
1089 724 1270 792 secundam
1284 724 1429 792 relatum
1445 736 1514 794 ιιι.
1720 806 1724 815 ,

233 864 268 920 et
290 851 404 920 icum
420 847 545 941 plurali
564 855 796 912 constructum
811 855 860 910 est
872 842 963 933 apud
978 842 1188 908 Homerum.
1209 841 1366 927 Hymn(
1356 864 1393 909 m
1407 842 1534 963 Vener.
1549 845 1625 911 268.
1695 894 1697 898 .

569 959 743 1054 τῇσιδἐν
721 958 776 1046 σμ’
797 987 815 1041 η
801 953 1005 1043 'iliram’
985 985 1021 1039 ηε
1010 956 1168 1044 δρύες
1149 961 1333 1044 οψικιὶρηνοι
1403 979 1421 1043 s

570 1078 781 1168 γεινομὲννσιν
803 1075 920 1161 ἔφυσαν
941 1077 993 1143 im
982 1081 1109 1159 χθονὶ
1129 1078 1312 1163 βωτιανείρῃ
1389 1093 1391 1096 ⁴
1507 1070 1511 1078 ’

571 1200 678 1276 καλαί,
706 1193 968 1273 τηλεθάονσαι,’
954 1219 987 1258 ιν
1009 1189 1132 1275 οὔρεσιν
1157 1190 1338 1278 ὑψηλοῖσιν

574 1310 670 1378 ionio
669 1308 855 1393 ἠλίβατοι,
882 1309 1029 1393 τεμένη
1051 1305 1126 1375 0ὲῖ
1111 1333 1125 1373 s
1147 1310 1360 1386 κικλήσκουσιν

573 1426 751 1494 αθανιὶτων.

236 1555 271 1609 et
294 1545 354 1629 σφὲ
373 1565 452 1613 cum
470 1543 633 1631 singulari
657 1519 883 1630 compositum
906 1539 1030 1606 Aesch.
1051 1539 1142 1604 Pers.
1160 1538 1231 1605 194.

572 1664 679 1726 πίστει
706 1658 740 1726 cl'
759 1656 835 1745 ἕμὸς
855 1667 929 1734 παῖς
956 1661 1009 1722 καὶ
1027 1650 1132 1741 notin
1155 1658 1343 1739 παρίσταται

572 1781 704 1859 Δαρεῖός
725 1775 885 1862 οἲκιείρων
906 1797 975 1857 σοι.

111 1906 114 1913 ’
241 1903 275 1956 et
296 1913 361 1980 pro
386 1888 480 1971 αὕιιὶν
505 1892 596 1980 apud
625 1890 771 1955 eundem
793 1891 830 1955 in
851 1886 1030 1953 Eumenid.
1052 1886 1130 1955 580.

578 2004 612 2070 εἴ
624 2029 683 2089 σφι
704 1999 760 2072 oria
782 2009 849 2094 disp
870 2004 1065 2070 κατέκτανον.
1154 2056 1156 2061 s

238 2119 361 2188 Dualis
377 2119 512 2187 numeri
528 2119 684 2207 exempla
698 2131 778 2184 sunt
790 2118 880 2206 apud
894 2119 999 2183 Hom.
1014 2118 1054 2183 Il.
1069 2117 1135 2200 XI,
1156 2120 1226 2182 111.

690 2232 744 2299 ’καὶ
770 2237 831 2318 γάρ
855 2256 914 2316 σφι
941 2235 1041 2318 ιιοὶρος
1061 2229 1148 2320 παρὰ
1164 2237 1250 2312 νηυσὶ
1271 2236 1383 2321 θοῇσιν

578 2342 713 2432 εἶδον,
702 2371 725 2414 1.
747 2369 776 2413 e.
797 2346 906 2436 ipsos,
932 2346 974 2414 de
992 2346 1125 2415 duobus
1147 2348 1238 2415 enim
1254 2370 1365 2413 sermo
1382 2358 1440 2415 est.

241 2478 276 2537 et
293 2464 416 2554 Odyss.
431 2463 551 2549 XXI,
571 2468 644 2532 192.

582 2582 796 2668 φθιγξομενός
823 2579 877 2668 σφ’
902 2581 1027 2651 ἐπέεσσι
1046 2583 1203 2668 προςηύδο
1225 2528 1411 2666 μειλιχίοισι,

125 2747 127 2752 ⁷
240 2699 315 2783 σμέ
342 2698 526 2765 bubulcum
554 2709 588 2763 et
609 2697 805 2779 subulcum3
833 2710 866 2763 et
887 2699 977 2784 apud
998 2699 1137 2764 Hesiod.
1161 2699 1252 2762 Scut.
1267 2702 1319 2762 62.

593 2815 677 2890 κόνις
697 2814 731 2880 δέ
752 2811 806 2898 σφ’
826 2810 1019 2904 ἀμφιδεδῄει,
1052 2812 1207 2900 Cycnum
1227 2823 1262 2876 et
1279 2810 1435 2877 Martem.

239 2928 301 3012 σφὲ
328 2925 419 3017 apud
444 2927 640 3008 Homerum
665 2929 769 2993 semel
796 2939 928 2995 tantum
955 2949 1034 2992 cum
1061 2927 1185 3029 plurali
1207 2926 1421 3013 componitur
1444 2923 1482 2992 Il.
1495 2923 1596 3007 XIX,
1619 2923 1713 3008 265„
1742 2927 1832 3016 apud
1856 2941 1930 2997 tra·

239 3042 331 3129 gicos
359 3041 478 3131 po‘e'tas
507 3055 620 3109 autem
650 3041 756 3108 multa
784 3055 926 3130 possunt
952 3041 1120 3108 cumulari
1141 3041 1314 3128 exempla,
1342 3040 1386 3107 cf.
1408 3040 1531 3108 Aesch.
1547 3038 1638 3130 Sepb
1657 3045 1732 3108 612.
1823 3047 1831 3050 ”

581 3159 660 3235 Ζευς
679 3181 738 3242 σφε
758 3160 846 3224 κιίνοι
866 3161 1019 3246 κεραῦνῳ,
1038 3155 1118 3225 ibid.
1142 3161 1233 3240 721.,
1251 3160 1336 3239 770.,
1353 3160 1428 3224 998.

216 3275 321 3363 Ιομός
342 3286 377 3340 et
400 3272 437 3349 ὅς
458 3273 540 3340 item
565 3271 607 3340 ad
627 3295 729 3338 omne
748 3294 855 3359 genus
876 3271 1089 3356 referuntur,
1111 3273 1205 3338 cuius
1224 3295 1303 3366 usus
1322 3272 1429 3338 multa
1451 3270 1564 3338 ubivis
1582 3231 1740 3359 leguntur
1761 3280 1932 3367 exemplu.

241 3387 339 3454 Haec
367 3397 481 3453 autem
507 3389 711 3454 constructio
742 3386 790 3453 ita
817 3397 868 3452 est
894 3399 984 3472 orta,
1017 3387 1128 3472 quod
1128 3390 1177 3456 ab
1200 3389 1297 3454 initio
1320 3385 1410 3475 apud
1433 3387 1580 3454 Graecos
1601 3411 1735 3477 quoque
1756 3392 1934 3480 singularis

131 3586 136 3599 ..
188 3530 190 3535 ¹
240 3513 374 3570 tantum
405 3525 567 3570 numerus
594 3501 808 3593 pronominis
834 3503 1000 3592 reciproci
1026 3503 1065 3568 in
1096 3525 1160 3569 usu
1184 3515 1266 3569 erat.
1309 3503 1460 3568 Fuerunt
1481 3503 1638 3589 quidem,
1666 3506 1725 3592 qui
1743 3506 1933 3578 litterarum

240 3598 338 3687 initio
367 3617 503 3686 adducti
526 3623 615 3705 σφίν,
641 3619 718 3702 σφέ,
743 3619 823 3702 σφός
849 3619 990 3707 pluralis
1017 3619 1153 3685 numeri
1182 3617 1308 3685 formas
1331 3641 1405 3684 esse
1427 3618 1625 3705 crederent,
1656 3641 1780 3706 easque
1803 3624 1866 3708 ita,
1895 3641 1935 3695 ut

242 3729 340 3817 ἄμμιν
369 3745 403 3801 et
423 3731 536 3822 ὔμμιν,
559 3734 643 3820 ἄμμι
667 3746 701 3799 et
724 3732 824 3819 ι’ἰμμε,
853 3745 952 3820 atque
981 3734 1059 3822 ἦμος
1087 3747 1121 3802 et
1149 3732 1227 3820 ὖμός
1254 3733 1311 3819 (cf.
1332 3736 1362 3818 §.
1383 3730 1429 3824 4.)
1453 3732 1558 3802 factas
1583 3737 1836 3807 arbitrarentur.
1880 3745 1933 3810 At

241 3847 394 3936 primum
421 3851 562 3937 intelligi
590 3872 662 3915 non
697 3861 829 3940 potest,
867 3851 1056 3938 quomodo,
1090 3850 1118 3915 si
1154 3850 1276 3915 horum
1304 3851 1487 3917 verborum
1515 3853 1656 3941 propria
1682 3851 1748 3918 fuit
1771 3848 1934 3940 pluiativi

243 3960 460 4051 significatio,
500 3990 540 4033 ea
569 3987 647 4031 cum
674 3966 838 4052 singulari
865 3979 899 4032 et
929 3965 1019 4034 duali
1044 3965 1206 4052 coniungi
1232 3965 1414 4054 potuerint.
1458 3967 1593 4033 Deinde
1618 3973 1694 4053 σφίν
1720 3982 1753 4035 et
1771 3973 1833 4052 σοι’
1853 3996 1931 4039 cum
1991 3988 1996 3997 '

242 4074 342 4162 ἄμμιν
361 4075 456 4162 ι’ἰμμιν
477 4095 512 4148 et
531 4079 615 4168 ἄμμε
634 4079 715 4167 ὔμμι
736 4106 809 4149 non
827 4093 915 4148 recte
937 4092 1185 4170 comparantur.
1229 4081 1385 4148 Vidimus
1407 4081 1517 4165 enim,
1539 4081 1637 4168 ἄμμιν
1659 4096 1691 4149 et
1711 4082 1795 4168 ἄμμε
1814 4087 1931 4179 singu·
1978 4068 1984 4083 ¹

177 4270 183 4287 Ι
242 4193 325 4260 laris
346 4194 480 4259 numeri
502 4197 761 4265 declinationem
783 4199 906 4266 habere
923 4209 1122 4288 propterea,
1153 4196 1242 4284 quod
1264 4197 1329 4264 alia
1350 4197 1392 4262 ad
1413 4198 1634 4285 singularem,
1664 4198 1728 4263 alia
1750 4201 1792 4264 ad
1815 4201 1959 4299 plura·-

243 4306 311 4376 lem
331 4309 528 4376 adhibeatur
549 4311 666 4394 radix,
689 4314 744 4403 (cf.
760 4319 788 4397 §.
803 4315 834 4380 4.
856 4315 919 4379 Νι.
934 4314 1000 4400 2.);
1022 4315 1059 4379 in
1081 4315 1285 4400 pronomine
1304 4324 1417 4379 autem
1438 4313 1611 4401 reciproco
1632 4313 1750 4380 eadem
1766 4317 1803 4380 in
1818 4317 1936 4405 singu·

241 4422 304 4489 lari
312 4471 323 4508 ,
346 4445 430 4510 quae
451 4423 619 4492 inceteris
632 4430 803 4513 numeris,
823 4439 1005 4531 usprpatur
1028 4429 1145 4513 radix,
1167 4429 1225 4520 (cf.
1241 4448 1345 4518 supra
1357 4429 1418 4496 Νι.
1437 4425 1490 4515 1.).
1534 4430 1700 4514 Equibus
1714 4431 1827 4519 colligi
1844 4435 1932 4520 licet,
2013 4472 2020 4486 =
