4320 5414
1736 323 1840 433 ¹os

153 530 244 613 ‚istos
270 549 333 619 pro
356 528 417 595 isti
436 527 540 594 Truc.
559 527 591 604 l,
613 528 727 608 3,16.;
758 523 818 590 isti
838 521 933 588 modi
955 521 1058 588 Truo.
1080 522 1247 604 5‚1,ss.;
1275 521 1368 586 oliae
1389 541 1452 608 pro
1472 518 1562 585 nlius
1583 519 1692 588 Plaut.
1716 521 1838 606 Mite,

158 654 188 732 1,
208 644 283 714 204.
310 644 443 711 Lucret.
467 641 530 726 111,
552 643 625 706 981.
649 641 722 708 cia
740 639 781 705 de
803 640 918 705 Divin.
936 639 980 721 ΙΙ,
1004 642 1053 704 18.
1074 639 1101 719 §.
1119 642 1171 705 80.
1192 649 1227 703 et
1248 637 1336 704 Geli.
1358 643 1398 717 2,·
1414 641 1467 703 28.
1475 660 1486 718 3
1518 635 1627 703 altero
1646 660 1711 726 pro
1733 637 1838 706 alteri

157 761 225 827 Cio.
243 763 324 827 Nat.
343 760 445 826 Deor.
468 757 510 822 11.
531 759 561 839 §1
585 761 656 836 66.;
678 756 809 842 alterae
828 776 890 846 pro
911 753 1016 819 alteri
1038 754 1146 820 Plaut.
1168 751 1257 818 Rud.
1280 745 1361 836 s,'4,
1382 752 1433 816 44.
1457 752 1559 821 (loru.
1580 755 1668 843 Nep.
1683 755 1783 822 Eum.
1803 761 1835 825 6.

155 863 292 944 Terent.
312 856 447 942 'Heaut
475 876 509 951 2,
534 878 567 952 2,
598 877 649 938 30.
707 873 863 958 Quarum
885 869 1078 936 formarum
1107 889 1210 954 quum
1240 869 1346 935 multa
1371 869 1584 955 grammatici
1610 871 1835 956 congesserint

153 991 326 1079 exempla,
347 1010 410 1052 nos
430 987 565 1073 quidem
587 987 652 1053 hoc
672 988 788 1068 labore
802 986 1019 1074 supersedere
1033 1008 1220 1076 possumus.
1264 985 1339 1050 Hoc
1355 1006 1479 1065 unum,
1503 984 1592 1069 quod
1608 1008 1709 1052 nemo
1725 987 1834 1054 adbuc
1871 976 1874 980 ’

107 1107 123 1117 ”
148 1104 446 1192 grammaticorum
460 1102 670 1186 observavit,
694 1102 816 1168 addere
832 1102 1005 1184 volumus,
1027 1126 1090 1191 pro
1108 1104 1174 1182 ius,
1195 1097 1337 1187 genitivi
1351 1097 1479 1182 forma,
1501 1121 1571 1166 nou
1585 1100 1695 1165 solum
1709 1102 1734 1181 i,
1751 1124 1804 1182 ne,
1819 1103 1834 1166 i
1918 1132 1920 1136 ·

63 1264 67 1273 ,
151 1218 557 1298 adhibitaesae,1verum
579 1218 679 1283 etiam
699 1217 748 1282 uti
771 1220 846 1300 ius,
865 1216 913 1283 sic
933 1218 949 1283 i
967 1219 1077 1285 solum
1097 1242 1160 1308 pro
1185 1215 1279 1282 omni
1300 1235 1423 1301 genere
1442 1238 1512 1282 esse
1533 1214 1713 1302 antiquitus
1731 1237 1833 1283 usur-
1916 1258 1919 1263 -

149 1332 279 1423 patum.
322 1333 437 1421 Atque
457 1332 657 1422 comprobat
677 1331 741 1397 hoo
754 1330 845 1397 idem
860 1332 1064 1419 Priscianus,
1089 1333 1164 1418 qui,
1188 1353 1293 1422 quum
1306 1330 1405 1396 XIII.
1428 1355 1455 1397 o
1473 1337 1503 1398 8.
1524 1334 1619 1414 §.lu
1642 1332 1831 1418 genitivum

152 1474 223 1516 non
241 1449 351 1516 solum
374 1449 412 1514 in
423 1507 424 1510 ,
435 1449 506 1529 ius,
527 1470 649 1516 verum
672 1447 773 1514 etiam
789 1446 973 1515 secundum
984 1433 1168 1516 'nominum
1183 1445 1347 1514 secundae
1361 1446 1592 1514 declinationis
1605 1450 1755 1534 regulam
1767 1447 1804 1514 in
1818 1451 1833 1512 i
1848 1487 1850 1491 <
1956 1527 1960 1536 ι

150 1563 245 1630 exire
275 1563 388 1629 docuit
413 1563 514 1651 idque
541 1564 705 1653 exemplis
725 1563 929 1646 illustravit,
963 1565 1045 1630 haec
1066 1563 1175 1630 addit:
1205 1562 1272 1629 Sed
1296 1561 1388 1649 quod
1415 1573 1463 1628 est
1487 1562 1636 1642 mirum,
1660 1561 1830 1652 feminini

51 1674 62 1687 ”
151 1679 257 1746 etiem
282 1679 417 1768 generis
438 1678 631 1769 genitivum
659 1677 800 1766 quidum
828 1680 866 1743 in
891 1679 1147 1766 iprotulerunt.
1202 1678 1335 1745 Coelius
1357 1677 1444 1743 inl.
1472 1677 1671 1765 Antequam
1689 1678 1831 1745 Borclm

88 1783 100 1791 ”
145 1793 298 1882 perierat
316 1794 383 1860 alii
403 1784 460 1860 rei¹
470 1817 593 1866 caussa
615 1795 654 1888 in
668 1791 837 1880 Africam
858 1793 991 1862 missus.
1037 1795 1153 1880 Quare
1167 1792 1381 1874 Puteohium,
1405 1791 1463 1879 qui
1477 1790 1537 1873 Vl,
1554 1797 1585 1871 7,
1606 1795 1635 1875 §.
1651 1798 1703 1859 86.
1725 1795 1829 1860 libros

31 1943 36 1946 ·
147 1923 279 1975 veteres
299 1920 400 1994 atque
422 1910 523 1977 etiam
544 1906 676 1975 codices
696 1908 858 1996 quosdam
879 1924 1010 1976 secutus
1032 1934 1075 1977 ex
1090 1906 1294 1976 Afranio'in
1310 1909 1482 1994 Suspecta:
1503 1906 1600 1973 Adeo
1621 1922 1660 1974 ut
1672 1921 1705 1974 te
1718 1910 1828 1975 satias
1908 1980 1915 1987 ,

149 2036 282 2112 caperet
304 2025 371 2091 toli
387 2024 579 2113 familiae,
602 2033 637 2088 et
656 2022 826 2089 eCatonis
841 2021 1054 2110 Originibust
1084 2024 1154 2106 Qui
1173 2025 1338 2110 tantisper
1358 2022 1448 2087 melli
1468 2022 1518 2087 rei
1536 2022 1618 2103 sies,
1640 2023 1724 2089 dum
1739 2022 1829 2088 nitu

149 2161 247 2229 ogas,
272 2139 391 2227 edidit,
406 2164 476 2207 non
492 2139 571 2207 satis
583 2148 676 2204 recte
690 2137 870 2221 aKreltlio,
894 2139 952 2226 qui
966 2145 1106 2206 totoe'et
1120 2140 1237 2206 nullae
1251 2140 1317 2207 illis
1330 2139 1413 2205 locis
1423 2138 1563 2227 scripsit,
1586 2138 1829 2227 reprehensum

150 2277 221 2320 esse
241 2256 354 2322 credo}
396 2256 522 2319 Eadem
547 2253 659 2317 forma
680 2252 769 2340 apud
791 2252 987 2322 Sallustium
1000 2263 1123 2337 [extare
1134 2255 1228 2347 ,mihi
1247 2256 1381 2324 videtur
1402 2254 1438 2320 in
1462 2253 1559 2323 Catil.
1582 2277 1609 2321 e.
1628 2258 1680 2321 29.
1697 2254 1830 2321 Aliter
1952 2346 1956 2351 Ι

147 2369 221 2443 ,sine
237 2368 365 2457 populi
388 2369 482 2435 iussu
502 2365 620 2433 nulli
643 2388 788 2434 earum
810 2385 951 2437 rerum
973 2370 1106 2437 consuli
1121 2371 1175 2437 ius
1189 2384 1247 2439 est.

252 2490 286 2563 3)
305 2483 420 2567 Atque
434 2505 498 2568 pro
514 2482 545 2556 i,
568 2480 674 2544 dativi
690 2487 806 2541 vetere
821 2475 950 2562 forma,
974 2476 1075 2541 etiam
1091 2499 1110 2540 o
1128 2476 1213 2559 dici,
1233 2499 1333 2566 supra
1353 2477 1513 2545 vidimus.
1559 2481 1623 2544 Sed
1639 2485 1827 2579 sequidem

10 2606 50 2645 '-
148 2596 263 2664 forma
285 2595 323 2661 in
344 2618 402 2674 eo,
428 2593 512 2673 isto,
536 2589 620 2668 illo,
640 2611 718 2677 quo,
740 2588 820 2669 lzoc,
844 2602 939 2669 utro,
962 2589 1043 2673 alio,
1067 2590 1187 2675 quibus
1198 2592 1300 2658 etiam
1314 2592 1417 2671 citro,
1442 2591 1555 2672 ultro,
1572 2617 1679 2681 porro
1698 2611 1731 2663 et
1749 2598 1826 2678 leuc,
1903 2591 1929 2689 ’Δ

98 2748 102 2755 ,
148 2712 255 2792 uiuo,
277 2710 362 2776 illuc
383 2695 537 2775 addenda
556 2715 650 2791 sunt,
672 2704 709 2772 in
730 2705 931 2792 singularem
949 2704 1117 2790 quendam
1132 2728 1230 2772 usum
1245 2728 1406 2774 conversa
1420 2721 1477 2776 est.
1519 2708 1596 2776 Hae
1612 2712 1700 2776 enim
1715 2712 1825 2799 parti-

147 2827 258 2912 culae,
288 2848 370 2914 quas
399 2836 530 2891 veteres
551 2821 657 2888 dativi
680 2819 808 2889 formas
831 2843 903 2887 esse
932 2819 1151 2902 arbitramur,
1181 2844 1286 2908 quum
1309 2822 1425 2888 dativo
1447 2848 1520 2890 rem
1541 2826 1653 2914 aliquo
1673 2827 1771 2914 dirigi
1790 2838 1825 2893 et

82 2920 86 2925 ⁵
144 2942 291 3027 aliquem
303 2940 415 3007 locum
433 2959 550 3006 versus
566 2936 648 3004 ferri
663 2916 880 3024 significetur,
902 2935 957 3023 (cf.
972 2939 1001 3017 §.
1015 2939 1082 3022 22.)
1105 2935 1200 3003 facile
1214 2939 1318 3005 solam
1329 2954 1532 3026 acceperunt
1545 2943 1824 3030 retinueruntque

100 3128 108 3139 ,
147 3057 288 3125 eandem
317 3056 511 3134 notionem,
539 3064 580 3119 ut
599 3064 731 3120 motum
753 3052 791 3117 in
811 3052 926 3117 locum
945 3050 1132 3119 indicarent
1154 3067 1188 3118 et
1208 3075 1271 3141 pro
1291 3053 1459 3120 adverbiis
1482 3056 1696 3124 haberentur.
1738 3060 1826 3124 Pro-

145 3182 224 3261 pter
251 3172 338 3236 banc
367 3170 469 3256 igitur
496 3166 775 3254 significationem
803 3167 888 3234 istae
918 3188 1017 3256 voces
1046 3190 1123 3232 cum
1151 3167 1215 3247 ad,
1246 3191 1352 3257 usque
1377 3179 1411 3232 et
1440 3191 1553 3235 versus
1583 3172 1755 3258 particulis
1784 3175 1821 3239 in

146 3284 250 3366 adeo,
272 3285 405 3364 adbuc,
428 3283 603 3361 illorsum,
626 3281 800 3361 istorsum,
824 3288 1089 3370 quoquoversus,
1104 3283 1296 3363 aliorsum,
1319 3284 1521 3364 introrsum,
1543 3308 1580 3351 eo
1602 3309 1706 3375 usque
1726 3310 1822 3353 com·

143 3401 271 3491 positae
290 3411 379 3467 sunt.
420 3397 502 3465 Huc
529 3411 641 3485 autem
670 3407 703 3461 et
731 3395 792 3461 lroc
821 3400 1062 3485 saepenumero
1094 3410 1362 3482 commutantur,
1390 3397 1446 3484 (cf.
1468 3401 1648 3468 Forcellini
1669 3428 1693 3470 s.
1710 3427 1742 3467 v.
1765 3403 1822 3469 bio
1893 3428 1896 3433 ·

145 3528 178 3583 et
198 3513 274 3603 boc)
301 3529 401 3602 atque
430 3515 516 3581 istuc
544 3523 577 3579 et
604 3511 689 3578 illuc
709 3511 812 3577 etiam
833 3511 874 3577 ab
896 3513 960 3577 isto
982 3524 1016 3578 et
1036 3510 1096 3577 illo
1119 3535 1136 3577 c
1156 3526 1288 3580 tantum
1308 3513 1416 3580 littera
1439 3515 1700 3584 demonstrativa
1724 3519 1820 3584 dille-

128 3628 235 3696 runt.
277 3632 499 3723 latrarem,
521 3651 646 3716 porro,
675 3627 787 3706 ultro,
812 3627 897 3716 citro
916 3627 1037 3713 gradus
1061 3630 1286 3716 comparativi
1307 3642 1385 3696 sunt
1404 3627 1551 3710 formae,
1580 3633 1623 3698 de
1646 3619 1819 3722 praeposiss

143 3744 290 3814 tionibus
317 3746 485 3813 derivatae
512 3756 546 3812 ot
572 3743 814 3833 pronominum
836 3730 1089 3826 declinationem
1117 3759 1257 3812 secutae.
1299 3744 1365 3832 (Cf.
1387 3749 1489 3828 §.17.
1514 3749 1576 3813 Nr.
1594 3753 1624 3814 3.
1647 3748 1691 3829 h.)

913 3980 947 4060 §.
978 3967 1042 4047 25.

340 4114 397 4169 nr
430 4078 678 4171 anvarnus
707 4110 981 4187 Qumnsosn
1014 4112 1137 4182 Quas
1166 4112 1221 4166 rx
1254 4112 1614 4173 ruouoururnus

744 4209 986 4267 ornaturus
1016 4209 1217 4266 nucuur.

241 4316 359 4415 ⁸Multa
389 4351 558 4436 hucusque
588 4359 622 4412 et
649 4366 770 4432 graeca
790 4318 829 4412 et·
847 4330 954 4413 latina
976 4347 1159 4430 vocabula,
1196 4366 1282 4432 quae
1303 4348 1467 4416 adverbia
1489 4351 1593 4439 vulgo
1614 4354 1816 4441 putabantur

143 4480 231 4545 esse,
262 4483 282 4526 e
309 4463 565 4564 pronominibus
595 4461 756 4548 originem
787 4460 909 4527 ducere
940 4472 974 4528 et
1000 4480 1137 4527 casuum
1166 4473 1223 4527 aut
1252 4462 1441 4551 deperditas
1464 4479 1522 4535 aut
1550 4467 1722 4535 mutilatas
1747 4450 1817 4537 esse
1858 4452 1869 4462 ’
1920 4524 1934 4535 ,
