4320 5414
1698 372 1874 497 3⁵⁷.

44 604 48 611 ·
142 591 182 647 ut
209 574 426 668 quidquid
455 576 626 664 objectum
651 584 720 659 est,
750 572 841 662 quod
867 571 968 642 nate
997 581 1126 639 natura
1157 571 1293 639 nonsit
1313 570 1481 655 alienum,
1512 593 1550 637 eo
1571 582 1745 639 contentae
1765 594 1832 639 non

142 705 309 782 quaerunt
333 692 494 783 amplius·
539 690 609 767 cie.
632 690 733 758 Verr
753 689 815 774 IV,
840 695 890 760 18.
918 691 996 757 Ita
1007 685 1241 755 odorabantur
1262 689 1381 755 omnia
1402 699 1437 754 et
1452 686 1748 778 pervestigabant,
1777 698 1831 768 ut,

141 808 202 876 ubi
223 806 430 898 quicquid
450 817 553 888 meet,
584 805 706 894 aliqua
732 805 865 872 rarione
887 799 1087 872 invenirent·
1132 805 1247 871 Hoc
1234 829 1274 871 ιιι
1296 806 1371 872 loco
1394 803 1537 891 quicque
1555 804 1735 894 Zumptiue
1758 798 1833 869 edi-

140 923 206 1002 dit,
232 924 391 1013 quoniam
417 921 465 988 sic
489 923 634 1013 postulet
659 921 804 989 latinius
832 934 878 988 ct
893 920 1057 1011 quicquid
1082 944 1153 989 non
1173 930 1322 1008 ponatur
1342 941 1420 985 cum
1441 919 1613 999 relativis,-
1639 920 1729 987 sed
1718 942 1830 1008 ipsum

138 1038 318 1105 relativum
340 1037 394 1103 sit.
437 1034 553 1123 Atque
574 1037 719 1103 alterum
741 1036 899 1125 quidem,
923 1038 1016 1124 quod
1028 1035 1209 1133 Zumptius
1230 1033 1422 1118 contendit,
1445 1055 1566 1101 verum
1588 1046 1654 1117 est,
1678 1034 1830 1122 quisquis
1933 1054 1935 1059 ·

130 1141 440 1241 'relativumesse3
467 1173 577 1238 neque
602 1163 716 1219 tamen
742 1154 853 1220 solum
882 1165 933 1221 est
952 1154 1155 1238 relativum,
1184 1151 1364 1217 sedetiam
1387 1171 1576 1239 pronomen
1602 1148 1828 1232 indefinitum,

102 1273 104 1276 ⁴
138 1266 230 1351 quod
252 1279 284 1335 et
307 1291 327 1333 e
350 1267 431 1335 locis
451 1268 574 1353 allatis,
595 1279 630 1335 et
651 1291 695 1336 ex
713 1268 955 1360 unusquisquis
974 1269 1256 1359 verbc'apparet.
1301 1267 1417 1353 Quare
1433 1265 1516 1352 quin
1531 1265 1631 1330 etiam
1646 1287 1723 1331 cum
1738 1265 1829 1331 rela-

137 1379 388 1477 tivis-quisquis
410 1397 572 1472 ponatur,
602 1407 672 1450 non
694 1397 759 1468 eet,
790 1384 882 1473 quod
903 1385 1105 1455 dubitemus.
1150 1383 1220 1449 cic.
1240 1382 1281 1449 acl
1301 1383 1395 1449 Fam.
1410 1382 1473 1464 VI,
1499 1385 1526 1447 1.
1563 1381 1770 1469 Quocunque
1791 1381 1829 1444 in

138 1495 211 1563 loco
243 1498 442 1585 quicquic
465 1510 540 1589 ¹est,
579 1497 671 1585 irlent
705 1510 756 1565 ert
784 1500 817 1566 ei
845 1500 960 1566 aencis
984 1523 1026 1565 ex
1050 1499 1192 1567 interitu
1221 1520 1335 1562 rerum
1362 1520 1515 1566 suarum.
1564 1495 1698 1562 Dicitur
1726 1496 1828 1561 etiam

140 1612 398 1700 unusquisquis,
424 1636 490 1700 quo
512 1613 569 1692 id,
601 1613 692 1700 quod
715 1615 757 1679 ad
779 1637 896 1681 omnes
922 1625 1067 1702 spectet,
1096 1615 1198 1680 etiam
1226 1610 1263 1678 in
1290 1611 1440 1699 singulos
1465 1610 1584 1678 cadere
1606 1610 1775 1677 indicatur
1796 1621 1830 1675 et
1901 1696 1904 1701 Ι

36 1758 40 1765 ·
136 1727 234 1797 ,verbi
256 1727 350 1794 notio
372 1725 605 1817 confirmatur.
647 1728 783 1795 Luorct.
801 1728 847 1815 V,
876 1731 969 1826 1887.

449 1857 505 1923 Sic
527 1857 878 1950 unumquidquid
905 1857 1079 1949 paullatim
1108 1857 1277 1949 protrahit
1304 1867 1393 1933 aetas

448 1972 491 2036 In
516 1971 679 2039 medium
1407 2004 1411 2009 ·

100 2066 106 2072 Ι
138 2102 246 2170 Plaut.
268 2102 362 2173 Tria.
384 2098 445 2189 IV,
469 2107 501 2185 2,
526 2108 577 2171 89.
671 2100 675 2108 ’

450 2238 510 2305 Sin
536 2240 879 2337 unumquidquid
903 2240 1096 2331 singillatim
1124 2253 1157 2306 et
1188 2241 1320 2330 placide
1346 2226 1619 2338 percunctabere,
1660 2282 1663 2292 -

430 2355 495 2422 .Et
520 2379 637 2441 meum
660 2371 841 2447 uomenet
862 2382 939 2426 mea
960 2357 1051 2424 fecta
1072 2370 1105 2426 et
1124 2378 1214 2465 quae
1230 2356 1353 2423 itinera
1373 2377 1435 2442 ego
1457 2354 1556 2437 faxo,
1582 2352 1676 2419 scias.

243 2514 281 2599 b)
310 2515 409 2582 Aliae
431 2512 642 2601 pronominis
662 2509 829 2578 indefiniti
852 2510 983 2578 formae
1009 2520 1088 2576 sunt
1109 2508 1256 2596 aliquis,
1283 2508 1472 2596 quispiam,
1502 2509 1703 2596 quisquam,
1731 2517 1828 2601 quis·

145 2648 241 2715 que,·
259 2625 420 2715 quidam,
442 2625 647 2712 quicunque,
670 2624 803 2713 quivis,
819 2623 970 2714 quilibet.
1012 2623 1127 2709 Atque
1148 2623 1230 2689 haec
1252 2621 1387 2709 quidem
1409 2621 1613 2712 pronomina
1633 2648 1738 2694 unam
1759 2652 1836 2696 ιιο-1

141 2741 307 2808 minatiri·
328 2739 504 2809 masculini
529 2738 676 2806 formam
700 2738 843 2825 habent,
874 2720 1008 2830 praeter
1032 2738 1178 2826 aliquis,
1204 2760 1268 2828 pro
1288 2758 1355 2824 quo
1376 2749 1409 2804 et
1431 2738 1546 2827 aliqui
1566 2738 1604 2805 in
1628 2763 1691 2809 usu
1713 2743 1830 2834 fuisse,¹

140 2856 342 2923 testimoniis
363 2854 564 2943 comprobat
583 2852 722 2920 Vossius
743 2852 785 2921 de
807 2853 908 2921 Anal.
928 2853 991 2938 lv,
1007 2858 1038 2921 8.
1079 2851 1221 2941 Aliquis
1242 2863 1354 2918 autem
1377 2875 1421 2920 ex
1442 2853 1510 2919 alis
1533 2866 1567 2920 ct
1591 2857 1666 2944 quis
1687 2881 1830 2950 compc-

138 2975 243 3038 situm
265 2992 335 3037 ease
355 2983 449 3060 patet
456 2995 468 3053 3
492 2970 604 3059 itaque
625 2967 738 3059 prirna
757 2968 828 3034 eius
847 2967 1042 3055 significatio
1064 2980 1114 3033 est
1134 2966 1224 3032 aliua
1245 2966 1338 3054 quis,
1363 2987 1467 3053 eaque
1492 2970 1609 3039 multia
1629 2971 1711 3041 locis
1731 2999 1853 3045 com-x

139 3088 315 3177 probatur·
358 3086 428 3153 Cic.
450 3082 492 3149 de
512 3079 586 3149 Off.
599 3083 628 3166 I,
642 3087 674 3149 7.
703 3082 760 3148 ira
788 3081 917 3149 aret-al
923 3083 1025 3170 iqua
1045 3079 1301 3170 perturbatione
1321 3081 1493 3148 incitatus.
1537 3084 1588 3149 Id.
1610 3085 1652 3151 de
1672 3088 1767 3155 Orat.
1782 3094 1830 3174 ll,

140 3204 197 3270 ta
216 3198 332 3269 Plura
345 3197 456 3266 multo
467 3196 618 3263 homines
632 3195 789 3264 iudicant
804 3195 882 3263 odio
888 3245 901 3278 ,
923 3207 986 3263 ast
998 3218 1130 3276 amore,
1155 3208 1217 3264 aar
1232 3195 1436 3285 cupiditate,
1459 3206 1523 3260 aut
1540 3196 1744 3284 iracundia,
1765 3220 1830 3276 aut

139 3316 275 3396 dolore,
298 3312 529 3392 autlaetitia,
553 3323 615 3378 aut
630 3332 700 3400 spe,
724 3322 787 3377 aut
803 3311 944 3392 timore,
966 3322 1030 3378 aut
1042 3333 1171 3393 errore,
1194 3311 1425 3399 natalique
1440 3312 1715 3398 permotione
1732 3343 1829 3387 men·
1946 3356 1952 3367 ·

142 3434 200 3511 tis,
224 3454 329 3520 quarn
344 3429 497 3511 veritate.
539 3425 610 3514 (GE
628 3424 785 3494 Oudend.
799 3425 842 3494 ad
857 3427 953 3493 Caes.
969 3425 1006 3493 Β.
1020 3448 1046 3493 c.
1061 3426 1168 3514 Ias.)
1210 3427 1342 3494 Verum
1355 3427 1557 3516 plerumque
1572 3441 1685 3497 tamen
1701 3435 1830 3523 aliquia
1858 3410 1862 3417 ι
1942 3468 1946 3480 ·

140 3568 332 3638 pronomen
359 3542 554 3612 affirmandi
579 3539 663 3607 vim
681 3541 782 3609 habet
803 3552 837 3619 et
857 3541 910 3625 id,
943 3541 1035 3631 quod
1054 3554 1169 3609 mento
1189 3553 1392 3631 conceptum
1413 3563 1503 3626 esee,
1532 3542 1608 3630 quic
1634 3568 1828 3635 pronomen
1880 3535 1888 3547 ’

85 3642 88 3647 ’
142 3663 307 3742 declarat,
336 3659 403 3725 alsa
433 3657 585 3725 additum
617 3658 778 3725 caeteris
805 3656 955 3725 eiusdem
982 3657 1112 3745 generis
1131 3661 1241 3726 rebus
1263 3654 1398 3736 eximit,
1428 3668 1464 3721 et
1485 3656 1657 3726 diversum
1681 3685 1749 3728 esse
1772 3667 1829 3749 ιιι,

142 3788 177 3845 et
204 3775 347 3842 itacius
376 3766 550 3838 notionem
579 3772 687 3839 multo
716 3772 840 3860 magis
850 3746 1082 3862 perspicuam,
1109 3773 1285 3860 multoque
1312 3769 1489 3837 certiorem
1518 3784 1551 3838 et
1573 3774 1830 3847 luculentiorem

138 3903 216 3963 esse
235 3888 373 3957 indicat
417 3886 487 3953 Cic.
505 3908 569 3976 pro
584 3888 682 3954 Font.
701 3891 751 3955 te
780 3883 867 3952 Non
887 3886 987 3955 modo
1009 3888 1073 3953 nul
1072 3887 1145 3954 lum
1159 3885 1306 3977 focinus
1327 3883 1431 3973 liujus
1444 3886 1684 3974 protulerunt,
1710 3890 1771 3958 ced
1790 3917 1832 3963 ne

144 4008 277 4077 dictum
307 4001 443 4093 quidem
467 3999 654 4090 aliquod
681 4000 972 4089 reprehenderunt.
1016 4003 1150 4069 Caecin
1174 4008 1224 4072 11.
1254 4004 1405 4086 Quaero,
1436 4000 1524 4066 sitne
1550 4002 1707 4092 aliqua
1726 4007 1831 4096 lusjus
1874 4065 1880 4075 .

147 4125 198 4189 rei
228 4121 318 4188 actio
338 4141 385 4184 an
407 4115 530 4182 nulla?
562 4118 617 4182 Dc
638 4114 788 4204 ornet,
808 4122 861 4186 88
895 4118 992 4200 Quae
1009 4141 1092 4184 cum
1113 4119 1273 4208 aliqua
1287 4113 1546 4206 perturbatione
1559 4114 1680 4205 fiunt,
1709 4146 1751 4189 ea
1770 4148 1830 4191 nec

147 4247 343 4305 constanter
353 4229 441 4321 ficri
457 4241 619 4320 poscunt,
642 4254 701 4298 nec
720 4241 794 4299 etc.
826 4229 924 4319 Quae
941 4231 1145 4327 affirmativa
1164 4231 1378 4324 pronominis
1398 4232 1450 4297 vis
1471 4234 1594 4300 sensim
1611 4235 1660 4303 ita
1675 4239 1829 4322 obtinuit,
1869 4298 1872 4302 ,

145 4365 187 4420 ιιι
196 4344 483 4437 compositionis
485 4347 577 4413 alius
599 4336 675 4435 quie
695 4347 897 4435 significatio
919 4322 1164 4416 obscuraretur.
1208 4345 1371 4434 Quare
1345 4369 1373 4411 ιι
1394 4367 1467 4412 rem
1490 4350 1683 4437 quampiam
1706 4357 1746 4420 sb
1768 4357 1831 4423 slis
1921 4344 1932 4363 ⁴

146 4465 286 4537 differre
305 4465 487 4529 accuratius
507 4460 653 4531 indicare
678 4463 881 4550 voluerunt,
917 4465 1029 4553 potius
1051 4463 1143 4555 aliua
1164 4463 1240 4553 quia
1263 4463 1432 4529 dixerunt
1478 4460 1530 4528 cf.
1552 4464 1631 4531 Liv.
1652 4464 1695 4549 V,
1717 4469 1769 4536 et.
1792 4470 1831 4538 Si

921 4577 923 4581 ,
1418 4575 1457 4643 Η
1560 4598 1568 4616 ’
