4320 5414
231 336 283 418 96

235 538 379 613 formas,
401 517 614 591 ostendimus.
657 515 729 583 Iam
744 525 924 606 supersunt
937 514 1110 600 nonnulla,
1133 526 1230 604 qnae,
1251 518 1428 586 tamenetsi
1441 543 1461 586 a
1476 523 1732 611 pronominibus
1745 514 1934 616 proficisci

234 659 365 763 parent,
392 653 506 708 tamen
527 634 569 701 ad
590 654 690 719 quam
712 632 781 699 sint
805 652 900 698 casus
922 630 1068 699 formam
1092 631 1290 719 referenda,
1320 636 1444 723 ambigi
1458 647 1578 743 potest.
1628 640 1726 724 Quae
1740 645 1912 711 communi

238 752 478 837 adverbiorum
497 750 635 818 nomine
656 769 854 835 nuncupare
873 748 1026 832 hocque
1015 772 1052 814 ιιι
1066 749 1142 815 loco
1148 770 1361 840 componere
1377 751 1620 820 constituimus.

347 880 383 959 1)
347 871 457 945 1Ac
472 866 595 935 Graeci
618 863 755 950 quidem
777 871 844 927 tres
862 862 988 929 habent
1008 862 1152 948 formas,
1176 886 1260 952 quae
1281 866 1425 950 quietem
1447 867 1483 932 in
1497 864 1572 933 loco
1586 869 1698 957 aliquo
1712 873 1915 959 significant3

240 1014 383 1090 quarum
403 986 512 1075 prima
532 992 567 1047 et
589 978 739 1046 maxime
760 962 896 1062 quidem
913 979 1033 1044 usitata
1053 977 1090 1043 in
1108 1005 1146 1047 ου
1161 980 1249 1047 exit·
1278 982 1354 1062 ποῦ,
1375 978 1471 1062 ὅπου,
1490 979 1601 1063 ἄλλου,
1627 980 1774 1073 ἀλλαχοῦ,
1795 993 1915 1074 quibus

241 1107 391 1196 οὐδαμοῦ,
418 1097 558 1187 μηδαμοῦ
579 1096 701 1162 addere
722 1094 844 1183 possim
873 1095 1003 1161 altera
992 1118 1027 1159 ιιι
1048 1118 1090 1160 os:
1111 1086 1152 1173 oi,
1171 1085 1245 1176 uisa,
1265 1097 1383 1179 rovroi,
1403 1117 1593 1189 quanquam
1608 1100 1659 1166 his
1673 1123 1918 1188 nonnunquam
1971 1112 1977 1121 '

240 1233 267 1298 ii
289 1225 409 1305 etiam,
429 1217 488 1303 qui
503 1235 576 1278 rem
592 1211 628 1276 in
641 1210 806 1275 locuml
768 1233 789 1274 a
806 1210 918 1298 iquem
926 1207 1022 1298 ferri
1035 1209 1145 1276 dicere
1160 1211 1299 1295 volunt,
1320 1225 1482 1297 utuntur,
1504 1216 1602 1295 κηιῶ,
1625 1212 1921 1304 quodHesyohiiss

242 1367 305 1437 per
329 1321 782 1418 ἒκιι”ιιρ1ἰοιι,αὗτῶ,πῶ;
812 1324 912 1390 tertia
932 1324 1078 1410 denique
1096 1324 1207 1392 forma
1226 1352 1254 1393 ιι
1272 1327 1390 1410 habet,
1414 1350 1498 1414 quae
1511 1329 1640 1415 syllaba
1655 1332 1744 1419 apud
1761 1333 1870 1400 Dores
1886 1347 1934 1401 et
2010 1320 2017 1325 ⁵

241 1452 396 1529 Aeoles
388 1473 424 1516 ιιι
438 1468 501 1512 usu
516 1453 577 1513 est.
620 1443 723 1547 Num
732 1440 834 1506 etiam
850 1465 877 1506 ει
872 1439 1055 1527 'panucula
1069 1440 1305 1508 condicionalis
1321 1444 1385 1510 huc
1401 1445 1445 1509 sit
1459 1442 1681 1528 referenda,
1671 1460 1835 1514 incertum
1853 1463 1963 1581 ests-⁸:

240 1691 339 1775 Πῶς
361 1677 419 1764 ὥς,
440 1701 555 1756 ουτως,
538 1608 672 1763 quod
693 1670 796 1738 altera
813 1670 941 1760 syllaba
960 1671 1074 1738 attrita
1091 1671 1194 1738 etiam
1210 1667 1290 1742 οὕτω
1303 1673 1514 1761 eloquimur,
1536 1668 1652 1755 attur,
1673 1669 1774 1751 uiroc
1746 1606 1921 1764 aliaque
1986 1755 1989 1759 ,

245 1807 282 1874 id
302 1823 407 1892 genus
427 1797 465 1863 in
482 1818 525 1869 ως
544 1787 705 1859 exeuntia
721 1787 900 1874 vocabula,
922 1807 1027 1876 quum
1043 1786 1161 1856 eo'dem
1174 1766 1276 1856 modo
1293 1811 1337 1856 ex
1350 1787 1521 1901 adiectivis
1539 1788 1697 1856 adverbia
1713 1790 1923 1877 deriventur,

207 1982 210 1988 .
244 1917 466 2011 explicatione
481 1907 725 1996 nonindigent.
1356 1914 1359 1921 ’

350 2031 639 2119 >Romanorum
668 2023 786 2090 itidem
812 2025 910 2114 plura
939 2037 1018 2093 sunt
1045 2025 1115 2095 eius
1135 2027 1266 2116 generis
1284 2027 1464 2114 adverbia,
1493 2028 1534 2095 de
1555 2028 1674 2116 quibus
1694 2027 1845 2117 primum
1867 2042 1950 2109 usp

248 2150 340 2243 quod
363 2152 400 2214 iu
422 2165 544 2230 usque,
568 2110 729 2227 uspiam,
752 2163 896 2229 usquam
924 2156 1034 2224 extat,
1055 2154 1103 2209 est
1122 2143 1368 2233 explicandum.
1413 2144 1529 2231 Quum
1554 2165 1634 2233 que,
1648 2145 1751 2232 piam
1767 2156 1800 2212 et
1819 2114 1926 2233 qucum

248 2268 292 2336 ad
311 2260 515 2352 pronomina
534 2255 710 2322 indefinita
724 2256 910 2338 addantur,
930 2280 1001 2323 non
1017 2271 1065 2324 est
1080 2258 1321 2342 dubitandum,
1342 2244 1424 2345 quin
1439 2279 1480 2321 us
1490 2261 1533 2322 sit
1548 2281 1567 2322 e
1581 2238 1784 2345 pronomine
1797 2258 1929 2334 indetis

243 2382 319 2449 nito
344 2387 458 2442 ortum
474 2382 508 2437 et
527 2392 589 2455 pro
611 2392 669 2435 cus
689 2371 824 2448 dictum.
868 2373 961 2439 Nam
974 2373 1014 2467 in
1024 2372 1221 2455 quibusdam
1234 2372 1491 2455 pronominibus
1505 2383 1538 2437 et
1553 2371 1737 2459 particulis,
1759 2390 1929 2463 eprono³

243 2497 341 2567 'mins
362 2489 433 2556 sive
456 2482 599 2550 relativo
615 2479 688 2547 sive
703 2480 882 2549 indefinito
897 2482 997 2567 ortis,
1020 2505 1038 2546 c
1056 2482 1203 2549 litteram
1218 2484 1420 2568 gutturalem
1437 2487 1593 2550 abolitam
1607 2509 1696 2566 esse,
1715 2490 1747 2568 §.
1763 2492 1812 2553 16.
1827 2486 1930 2552 vidi-

113 2669 118 2682 .
151 2696 159 2703 ι
247 2635 333 2682 mus.
375 2607 428 2671 Ita
450 2598 550 2666 etiam
571 2597 608 2662 in
630 2597 692 2663 hac
712 2598 875 2685 particula
897 2597 1024 2664 factum
1047 2620 1137 2678 esse,
1167 2620 1260 2690 secus
1278 2596 1479 2664 vocabulum
1501 2599 1612 2683 docet,
1641 2601 1677 2666 in
1698 2623 1765 2688 quo
1785 2602 1930 2692 propria

248 2752 309 2794 cus
330 2723 441 2790 forma
460 2714 653 2783 etiamnunc
673 2724 840 2801 superstes
859 2724 917 2781 est.
960 2714 1004 2779 Et
1024 2735 1128 2801 quum
1148 2735 1242 2779 secus
1258 2712 1303 2780 sit
1321 2713 1451 2782 diverso
1472 2714 1591 2799 modo,
1620 2737 1656 2781 se
1676 2717 1929 2806 praepositione
1948 2790 1958 2799 ,‚
2004 2734 2009 2747 ’

253 2845 362 2909 demta
370 2855 460 2921 ,cus
481 2830 552 2897 sive
570 2851 610 2894 us
631 2827 746 2916 aliquo
759 2827 857 2893 niodo
869 2827 1057 2915 significare
1069 2809 1249 2916 intelligis,
1282 2829 1376 2895 Idem
1391 2830 1492 2896 etiam
1509 2830 1658 2897 eceteris
1675 2831 1866 2917 vocabulis,
1888 2833 1930 2898 in
1982 2912 1986 2921 Ι

250 2957 371 3043 quibus
392 2948 509 3015 eadem
530 2966 600 3011 vox
622 2943 807 3029 reperitu'r,
831 2954 980 3031 apparet.
1032 2926 1143 3032 Usque
1163 2945 1252 3009 enim
1274 2947 1411 3039 proprie
1430 2957 1480 3010 est
1498 2968 1630 3034 quoque
1649 2945 1749 3011 modo
1765 2958 1798 3012 et
1813 2948 1855 3015 ad
1868 2972 1931 3016 re-

250 3094 329 3149 rum
347 3059 632 3132 continuationem
655 3068 686 3121 et
701 3057 960 3159 perpetuitatem
983 3058 1238 3147 significandam
1251 3070 1446 3147 usurpatur,
1468 3069 1568 3144 atque
1584 3060 1720 3146 uspr'srm
1735 3073 1768 3126 et
1779 3085 1930 3149 usquam

249 3190 324 3257 fere
343 3181 434 3250 idem
455 3186 554 3260 atque
577 3172 738 3260 quopiam
754 3171 853 3237 modo
873 3187 907 3238 et
925 3197 1096 3264 quoquam
1109 3172 1209 3240 modo
1224 3173 1381 3239 indicant
1424 3174 1455 3241 E
1470 3195 1563 3238 secus
1576 3173 1695 3258 etiam,
1716 3174 1813 3242 nulla
1827 3188 1932 3243 nota·

250 3302 352 3370 tionis
374 3293 473 3362 huius
494 3288 591 3354 verbi
612 3288 741 3355 ratione
762 3288 891 3370 habita,
919 3291 1060 3375 gradum
1077 3289 1346 3378 comparativum
1366 3288 1473 3353 secius
1490 3287 1533 3355 ad
1547 3287 1686 3369 melius,
1707 3289 1825 3374 aptius
1838 3292 1932 3359 alio·

251 3433 396 3500 rumque
416 3403 657 3474 vocabulorum
671 3424 827 3468 normam
841 3401 1085 3471 formaverunt.
1526 3418 1530 3423 '

358 3533 391 3605 3)
412 3518 544 3588 Deinde
564 3517 606 3583 de
627 3540 721 3595 cum,
744 3516 847 3597 dum,
870 3529 961 3599 tum,
983 3543 1067 3584 num
1086 3519 1260 3619 particulis
1281 3518 1429 3586 breviter
1449 3501 1498 3586 est
1521 3518 1709 3587 dicendum.
1755 3521 1839 3588 Cum
1859 3512 1931 3610 quo
2025 3568 2028 3572 -

154 3718 160 3727 ,
251 3649 364 3718 minus
385 3657 498 3703 casum
521 3616 700 3699 locativum
730 3656 800 3698 esse
823 3657 924 3739 supra
950 3645 1189 3716 statueremus,
1225 3647 1430 3718 ceterarum,
1465 3657 1547 3721 quas
1576 3637 1930 3722 commemoravimus,

230 3758 494 3853 *particularum
524 3747 728 3834 comparatio
753 3748 850 3831 lecit3
885 3748 1017 3814 easdem
1042 3770 1105 3836 pro
1134 3749 1312 3816 accusativi
1334 3748 1511 3814 masculini
1533 3750 1666 3835 generis
1688 3749 1807 3816 formis
1829 3751 1931 3819 habet

256 3872 452 3958 Grimmius.
475 3863 676 3948 (Grammat.
696 3885 802 3948 germ.
826 3879 906 3930 tom.
923 3865 983 3928 lll.
1005 3884 1036 3950 p.
1049 3864 1120 3959 25.)
1163 3865 1214 3932 Αι
1232 3885 1336 3950 quum
1350 3862 1524 3929 masculini
1539 3864 1610 3929 sius
1625 3863 1783 3932 feminini
1795 3867 1931 3952 generis

255 3990 379 4057 formas
404 3979 641 4050 adverbiorum
670 3954 826 4043 naturam
846 3999 995 4062 unquam
1017 3979 1165 4046 induisse
1183 3979 1267 4045 mihi
1287 3977 1487 4066 persuadere
1509 4000 1693 4065 nequeam,
1719 4001 1778 4044 um
1800 3980 1932 4067 syllaba

254 4101 414 4188 temporis
430 4095 540 4184 potius
554 4091 829 4178 significationem
845 4093 953 4158 inesse
971 4093 1124 4159 arbitror.
1168 4094 1260 4160 Nam
1277 4114 1354 4157 cum
1372 4091 1444 4156 sive
1463 4114 1567 4179 quum
1584 4094 1626 4160 ad
1647 4104 1777 4181 tempus
1796 4090 1937 4181 referri,
1949 4122 1962 4129 ·

137 4272 142 4280 ,
218 4206 220 4211 ’
260 4233 309 4287 ττι
332 4235 403 4281 non
423 4212 528 4273 solum
549 4200 585 4274 in
601 4206 751 4295 simplice
772 4206 835 4272 boc
856 4207 1020 4273 vocabulo
1042 4209 1079 4273 in
1103 4209 1223 4293 vulgus
1245 4184 1382 4287 notum,
1415 4206 1471 4271 sed
1495 4209 1632 4275 etiams
1654 4208 1764 4275 verbis
1787 4230 1937 4298 compo-

255 4336 328 4403 sitis
337 4343 500 4413 unquam,
521 4323 544 4382 i.
554 4345 588 4396 e.
603 4334 748 4408 tempore
762 4344 945 4409 quoquam,
963 4334 995 4386 et
1008 4346 1027 4390 c
1039 4321 1222 4410 quondam,
1235 4323 1257 4385 i·
1272 4343 1300 4385 e.
1314 4331 1459 4407 tempore
1472 4321 1632 4409 quodam,
1653 4300 1799 4413 perspici
1816 4335 1933 4412 potest
2020 4294 2029 4308 Ι

258 4453 375 4535 Quum
394 4451 506 4508 autem
526 4433 657 4519 omnia,
680 4456 763 4519 quae
783 4436 885 4520 fiunt,
906 4439 1001 4522 quasi
1021 4461 1040 4504 a
1061 4449 1212 4526 tempore
1226 4447 1406 4502 nascantur
1418 4454 1524 4520 eoque
1538 4448 1697 4524 tanquam
1711 4436 1936 4545 fundamento

1825 4565 1940 4639 ,utan-

1469 4655 1474 4689 l
