4320 5414
1895 310 2038 401 ts-

250 528 321 596 let
334 512 371 604 d}
391 521 571 592 cohaerere
584 515 790 600 ostenderet,
813 524 903 582 recte
916 511 1061 580 contulit
1080 511 1279 583 sanseritnm
1292 513 1435 600 ονᾶδινν,
1456 515 1521 586 ie.
1539 531 1682 608 gratus,
1704 519 1824 608 dulcis,
1849 523 1939 608 (Ro-

250 663 431 710 manorum
451 637 568 706 suavis
587 657 651 726 pro
665 629 805 700 sueton
818 629 965 717 dictum,
985 650 1132 716 quocum
1147 630 1304 698 cohaeret
1322 631 1464 700 sundere
1475 634 1586 702 alicui
1598 636 1751 726 aliquid,
1769 640 1792 704 i.
1806 663 1833 707 e.
1847 663 1937 731 grc-

250 749 325 827 tum
346 752 497 841 reddere)
519 764 553 820 et
573 768 731 840 graecum
750 745 841 830 ἧδδς,
857 744 914 813 eui
929 744 1015 814 adde
1029 745 1181 815 indicum
1196 770 1354 839 ονοκνρας
1367 772 1461 816 socer
1474 763 1509 818 ot
1523 774 1681 839 maecum
1697 752 1821 845 ἕννρδς,
1844 760 1935 847 quod

225 912 233 932 ·
249 871 332 942 item
343 873 519 962 ,digamma
538 865 725 955 antiquitus
745 863 920 950 habuisse,
944 886 989 932 ex
1003 864 1110 933 Hom.
1125 864 1221 934 Ilied.
1235 894 1274 953 φ,
1296 869 1368 934 172.
1390 869 1620 955 cognoscitur:

561 983 679 1060 αἶδοῖός
698 983 733 1051 τέ
751 1006 807 1069 μοι
824 980 917 1066 teet,
947 984 1018 1068 φιλλ
1038 979 1147 1069 emet,
1171 985 1269 1062 δεινός
1287 1007 1333 1066 τε,

255 1115 290 1173 et
309 1103 460 1171 indicum
479 1098 646 1190 stdjami
668 1095 824 1187 (sudare)
846 1108 879 1165 et
893 1098 1105 1168 Graecorum
1118 1101 1198 1172 ten.

352 1253 388 1330 2>
411 1245 544 1316 Deinde
567 1244 750 1314 dicendum
769 1258 836 1334 est,
858 1267 919 1314 our
939 1244 1029 1337 apud
1051 1245 1192 1314 Latinos
1213 1247 1278 1314 hoc
1299 1267 1492 1336 pronomen
1514 1245 1726 1316 nominativo
1749 1266 1876 1340 emeat,
1902 1258 1939 1327 in

247 1364 410 1454 singulari
430 1375 564 1431 tantum
583 1384 727 1429 numero
747 1362 934 1449 reperiatur
947 1384 1058 1450 neque
1077 1361 1209 1449 singula
1229 1385 1353 1450 genera
1366 1361 1502 1442 hebeat,
1522 1361 1612 1448 quod
1629 1386 1669 1430 eo
1685 1366 1789 1454 magis
1804 1370 1939 1442 videtur

246 1479 490 1572 exponendum
510 1501 600 1561 esse,
628 1475 719 1566 quod
740 1476 829 1543 idern
850 1477 1046 1566 pronomini
1066 1477 1240 1566 reciproco
1260 1479 1299 1555 in
1323 1478 1439 1564 lingna
1458 1477 1669 1564 germanica,
1699 1479 1734 1548 in
1756 1484 1878 1554 slavica
1901 1503 1936 1558 et

245 1597 359 1664 lettice
379 1594 506 1663 accidit.
554 1592 798 1660 Nominativus
821 1605 936 1659 eutem
957 1591 1044 1657 hanc
1064 1593 1107 1657 ob
1129 1614 1278 1658 caussam
1302 1592 1405 1659 deest.
1448 1593 1644 1660 Pronomen
1661 1596 1877 1687 reciprocum
1891 1607 1936 1673 ad

245 1713 435 1778 subiectum
452 1731 552 1798 agens
566 1707 714 1774 refertur
728 1707 919 1794 pendetque
932 1727 1067 1793 semper
1080 1729 1124 1772 ex
1140 1707 1249 1774 aliena
1264 1707 1413 1774 notione.
1457 1707 1549 1772 Eum
1562 1707 1666 1793 igitur
1682 1733 1795 1779 casum
1808 1717 1934 1788 habere

246 1850 318 1894 non
342 1811 470 1915 potest,
497 1822 745 1890 nominativum
764 1819 941 1904 videlieet,
968 1820 1026 1908 qui
1048 1821 1140 1888 solus
1154 1844 1199 1888 ex
1216 1822 1324 1888 aliena
1337 1821 1476 1889 notione
1492 1844 1562 1889 non
1576 1824 1710 1913 pendet.
1755 1828 1809 1895 Do
1822 1832 1933 1903 Grae·

167 1938 170 1943 ’
246 1965 365 2009 corum
390 1938 602 2011 nominativo
632 1935 796 2027 plurativi
822 1945 910 2020 σφεῖς
936 1933 981 2001 cf.
1003 1933 1095 2002 inira
1120 1938 1185 2004 Nr.
1204 1936 1235 2003 5.
1278 1937 1349 2003 Cur
1374 1959 1456 2004 vero
1486 1949 1520 2005 et
1546 1959 1708 2006 numerus
1729 1942 1871 2030 pluralia
1897 1965 1933 2020 et

246 2069 358 2125 certae
383 2055 594 2142 singulorum
612 2039 775 2140 generum
796 2061 898 2116 notae
920 2048 1092 2134 deficiant,
1124 2051 1195 2119 eius
1216 2051 1269 2119 rei
1289 2074 1442 2120 caussam
1465 2051 1653 2119 Priscianus
1675 2060 1829 2144 exposuit
1845 2064 1931 2150 ΧΠ,

249 2180 279 2253 1,
300 2177 330 2238 2.
353 2170 497 2258 exempl.
516 2168 632 2236 Krehl.
657 2166 794 2249 Tertia,
818 2187 906 2254 quoe
925 2176 975 2232 eet
995 2166 1083 2246 sui,
1112 2165 1219 2248 sibi,
1247 2189 1308 2247 se,
1338 2191 1362 2234 a
1389 2190 1433 2235 se
1460 2189 1530 2233 non
1557 2167 1669 2235 solum
1694 2193 1842 2260 genera,
1871 2183 1932 2248 red

246 2272 352 2353 etium
375 2306 532 2352 numeros
551 2281 752 2372 confundit3
781 2303 840 2347 nec
858 2280 1007 2361 mirum,
1028 2304 1111 2349 nam
1131 2305 1237 2372 quum
1261 2282 1408 2350 relative
1428 2281 1494 2365 sit,
1520 2303 1562 2348 ex
1582 2285 1795 2356 antecedente
1811 2298 1931 2384 cogni.

248 2404 340 2468 tione
355 2423 553 2490 possumus,
579 2397 627 2463 ad
646 2395 737 2485 quod
752 2418 861 2485 genus
882 2394 938 2462 vel
960 2419 1140 2463 numerum
1161 2395 1330 2484 refertur,
1356 2397 1453 2461 seire.
1495 2396 1725 2484 Nihilominus
1747 2406 1879 2476 easdem
1896 2427 1931 2480 et
1983 2409 1986 2412 ’

245 2516 376 2604 generis
397 2526 431 2580 et
452 2513 587 2579 numeri
609 2512 779 2594 notiones,
802 2527 996 2594 quanquam
1018 2530 1075 2573 eae
1089 2509 1157 2574 iam
1177 2531 1222 2575 ex
1239 2507 1456 2577 antecedente
1473 2509 1614 2576 nomine
1626 2517 1782 2598 cognosci
1801 2532 1835 2587 et
1847 2546 1933 2591 con-

245 2631 335 2698 cludi
354 2640 510 2718 possunt,
528 2638 644 2695 temen
661 2646 731 2689 non
749 2623 850 2711 plane
863 2621 1025 2686 absonum
1038 2632 1088 2686 est
1103 2621 1238 2688 addere.
1281 2619 1340 2708 ld,
1364 2641 1509 2707 quorum
1522 2621 1637 2711 lingua
1651 2638 1701 2728 est
1713 2626 1933 2725 feracissima*
2007 2687 2009 2691 -

245 2745 367 2814 Graeci
388 2745 427 2811 in
452 2763 595 2810 numero
617 2737 789 2819 iecerunt3
824 2735 951 2802 hebent
977 2735 1068 2802 enim
1091 2736 1303 2826 pronominis
1330 2735 1496 2824 reciproci
1521 2750 1556 2805 et
1577 2738 1692 2809 duales
1719 2755 1753 2811 et
1781 2747 1930 2836 plurales

243 2864 380 2931 formas.
423 2861 589 2928 Attamen
608 2853 698 2956 apud
715 2853 863 2923 Graecos
883 2869 1017 2957 quoque
1040 2851 1224 2939 antiquitus
1241 2852 1446 2940 singularem
1464 2862 1596 2920 tantum
1614 2878 1796 2927 numerum
1812 2864 1849 2932 in
1867 2889 1931 2937 usu
1971 2860 1974 2865 ’

211 3025 215 3030 -
243 2977 347 3045 fuisse
371 2974 483 3043 credo.
527 2968 711 3058 Quomodo
735 2972 827 3034 enim
848 2966 1005 3034 accidisse
1026 2979 1203 3056 putamus,
1234 2978 1274 3034 ut
1294 2990 1352 3034 eae
1367 2963 1499 3034 formae
1519 2973 1731 3058 pronominis
1752 2981 1928 3071 reciproci,

243 3116 328 3180 quae
345 3090 451 3158 dualis
466 3100 503 3157 et
519 3087 657 3179 pluralis
668 3084 802 3152 numeri
815 3093 914 3170 sunt,
936 3085 1040 3165 σφνιδ,
1060 3085 1178 3168 σφωΐν,
1198 3093 1302 3169 σφεῖς,
1322 3089 1424 3169 σφῶν,
1446 3088 1549 3168 σφισί,
1570 3093 1661 3172 σφοῖς,
1681 3084 1773 3175 σφέα,
1791 3097 1929 3165 nonnisi
2007 3154 2021 3165 ,

243 3210 287 3279 ad
308 3207 443 3275 dualem
465 3217 499 3271 et
517 3202 686 3294 pluralem
706 3198 914 3281 referantur,
928 3221 1051 3267 omnes
1065 3222 1148 3267 vero
1162 3199 1309 3283 formae,
1330 3202 1415 3286 quae
1430 3197 1472 3264 ad
1486 3190 1662 3287 singularis
1674 3207 1810 3272 numeri
1826 3207 1931 3279 decli·

243 3318 415 3407 netionem
435 3319 623 3410 pertinent,
645 3310 681 3383 οἳ
696 3329 729 3384 et
749 3319 839 3400 σφίν,
861 3316 879 3382 δ
901 3325 935 3382 et
949 3318 1024 3400 σφέ,
1047 3314 1083 3393 ὅς
1100 3328 1134 3383 et
1148 3316 1244 3402 σφός,
1263 3336 1333 3381 uno
1346 3311 1495 3401 genitivo
1509 3308 1548 3380 οδ
1559 3327 1719 3406 excepto,
1740 3294 1929 3395 cumomni
2016 3322 2021 3333 ’

241 3462 387 3507 numero
407 3432 678 3523 coniungantur?
708 3432 759 3498 Ita
780 3424 814 3498 ol
834 3453 913 3498 cum
934 3432 1098 3520 plurativi
1123 3432 1223 3499 tertia
1240 3451 1385 3522 persona
1400 3428 1438 3496 in
1453 3428 1584 3518 Orphei
1600 3430 1733 3523 Argon.
1749 3437 1825 3506 497.
1846 3464 1930 3511 con-

239 3556 398 3622 struitur:

424 3650 440 3721 j
495 3637 604 3706 oh'rssoi
631 3630 671 3701 ol
697 3632 899 3702 πλιδονσιν
926 3628 985 3702 tirsi
1012 3629 1131 3702 πλατδν
1147 3631 1370 3714 εΙδλλῆςιιοντον

486 3752 593 3831 ,sidroc
622 3749 803 3834 ἀντεβόλησε
830 3757 937 3835 μνχοῢ-
959 3749 1090 3819 ἔντοσθε
1110 3752 1234 3838 γαλῆνφ.
1254 3751 1278 3818 i.
1298 3773 1326 3816 e.
1350 3745 1458 3826 αδτοῖς
1477 3747 1645 3835 πλοδονσιν,

244 3885 278 3940 ct
298 3869 378 3940 ibid.
400 3872 476 3938 776.

496 3983 532 4054 ol
552 3982 584 4051 oi
604 3985 761 4077 Μινύῃσιν
782 3982 929 4070 ἐφήνδανε
947 3989 1025 4053 πᾶσι
1045 3985 1191 4065 νέεσθαι,
1211 3981 1235 4050 i.
1255 4006 1283 4050 e.
1297 3982 1379 4073 ipsit
1390 3978 1541 4069 Minyis3

243 4101 285 4172 ei.
308 4116 482 4192 praeterea
508 4098 589 4168 ibid.
610 4105 685 4168 687.
708 4113 742 4167 et
763 4102 836 4170 528.
861 4113 895 4168 et
917 4105 1013 4169 1801.

245 4224 318 4301 οφίν
341 4218 440 4285 etiem
460 4217 636 4307 pluraliter
655 4216 779 4284 dieitur
800 4218 904 4284 Hom.
919 4217 959 4283 ll.
974 4215 1019 4296 V,
1037 4213 1108 4282 195.
1170 4205 1172 4209 ’
1202 4296 1211 4310 ,

663 4326 750 4416 nupti
780 4335 814 4400 δέ
842 4355 916 4418 σφιν
936 4329 1060 4419 ἑκάστῳ
1085 4330 1199 4413 δίζυγες
1217 4329 1311 4394 ἵπποι

494 4446 612 4516 ἑστᾶσι.
633 4449 655 4512 i.
674 4471 702 4516 e.
721 4443 806 4536 nupsi
824 4454 964 4536 δίφροις,
984 4445 1116 4539 ἑκάστῳ,
1181 4504 1183 4509 ,
