4320 5414
1682 422 1762 451 ,.
1870 305 2046 434 ⁵ss

233 556 326 626 illius
346 554 490 624 dilucide
507 577 545 623 ac
558 551 738 645 perspicua
748 550 964 619 notio'menti
977 552 1183 620 obversetur.
1228 549 1434 640 Quisquam,
1457 550 1517 618 ubi
1536 552 1699 621 sententia
1718 576 1842 645 negans
1861 559 1915 641 sit,
1939 594 1964 638 ⁴.

233 672 389 762 usurpari
409 683 559 751 constat,
586 667 754 757 significat
774 678 903 749 autem,
921 667 974 750 id,
1004 690 1070 756 qno
1094 668 1135 734 de
1156 679 1291 755 agatur,
1323 690 1367 732 ne
1387 666 1454 735 ulla
1473 667 1609 756 quidem
1627 670 1823 738 condicione
1837 676 1916 740 nul·

228 787 452 879 „loquomodo
471 784 547 852 fieri
564 808 673 874 posse.
719 784 840 870 Quare'
851 804 951 871 quam
966 805 1068 872 supra
1080 784 1159 852 huic
1174 783 1358 881 particulae
1374 782 1482 850 inesse
1494 785 1690 852 monuimus
1703 774 1774 852 vim
1789 789 1914 878 ampli·
1974 834 2011 864 ,-
2104 820 2108 828 ·

230 902 354 969 ficandi
376 915 410 969 et
424 898 529 988 quasi
542 898 785 988 exaggerandi,
805 920 879 965 eam
902 897 956 964 hic
977 919 1110 989 quoque
1130 896 1431 988 deprehendimus,
1458 899 1604 966 intendit
1617 902 1709 968 enirn
1723 904 1792 969 vim
1811 926 1915 990 nega·

227 1017 342 1084 tionis.
391 1019 514 1103 Neque
541 1029 654 1084 tumen
683 1038 753 1081 non
781 1036 878 1103 posse
897 1015 1080 1104 quisquam
1098 1015 1162 1082 nisi
1184 1016 1222 1082 in
1240 1015 1412 1083 sententiis
1433 1014 1631 1101 negantibus
1654 1018 1765 1084 locum
1791 1018 1915 1084 lrabere

176 1214 179 1220 ¹
228 1133 423 1213 statuimus,
446 1135 547 1220 idque
571 1153 636 1218 quo
660 1131 771 1195 minus
796 1130 988 1214 credamus,
1011 1134 1125 1221 plures
1145 1131 1210 1196 loci
1226 1130 1432 1218 impediunt,
1454 1130 1488 1194 in
1504 1129 1622 1216 quibus
1636 1131 1757 1213 nisiad,
1771 1136 1914 1219 argutiae

196 1300 202 1309 .
229 1243 411 1328 confugere
433 1246 533 1327 velis,
554 1247 608 1311 uti
624 1245 805 1334 Grysarius
827 1244 924 1328 fecit,
943 1270 1012 1312 non
1027 1246 1183 1334 negandi,
1204 1245 1312 1312 sedin
1325 1246 1522 1312 universum
1536 1244 1762 1313 intendendae
1775 1260 1914 1316 senten·

230 1359 295 1427 tiae
314 1362 365 1427 vis
389 1362 485 1427 inest.
530 1362 667 1429 'serena
681 1361 834 1427 Eunurb.
849 1363 978 1450 prolog.
997 1367 1072 1426 1-
1087 1369 1117 1430 3.

543 1476 580 1543 si
608 1476 834 1561 quisquam
864 1487 929 1559 est,
961 1476 1016 1564 qui
1045 1479 1176 1565 placere
1197 1500 1232 1542 se
1252 1475 1382 1542 studeat
1406 1474 1501 1541 bonis

542 1568 656 1681 Quam
686 1592 858 1680 plurimis,
891 1603 925 1658 et
951 1593 1093 1658 minime
1119 1593 1242 1657 multos
1259 1593 1411 1672 laederet

218 1760 221 1771 .
540 1710 582 1774 ln
610 1706 663 1772 lris
685 1707 787 1793 poiite
814 1706 869 1772 hic
890 1729 1016 1772 nomen
1037 1705 1218 1795 profitetur
1238 1729 1348 1795 suum.

229 1820 299 1906 (Cf.
321 1821 502 1890 Heindorf.
530 1824 572 1890 ad
590 1822 675 1890 Hor.
700 1821 767 1886 Sat.
784 1820 807 1886 Ι.
821 1818 860 1905 Ι.)
1335 1896 1341 1919 ⁴

329 1939 388 2006 Ad
411 1940 590 2028 quiequam
608 1958 818 2028 pronomen,
838 1935 870 2008 ,si
891 1937 1023 2021 negatio
1047 1937 1240 2021 antecessit,
1264 1960 1351 2002 unies
1372 1936 1544 2004 interdum
1560 1936 1710 2023 additur,
1734 1964 1801 2029 quo
1815 1948 1911 2016 addi.

226 2067 262 2122 to
281 2054 457 2142 singularis
475 2055 527 2121 rei
543 2055 637 2119 notio
653 2063 811 2139 negatur,
836 2052 966 2138 generis
982 2063 1112 2132 atatem,
1133 2038 1221 2139 quod
1237 2053 1383 2138 singulas
1397 2076 1451 2119 res
1465 2054 1633 2137 continet,
1657 2058 1749 2124 notio
1765 2066 1911 2152 opponi-

225 2182 301 2251 tur;
329 2172 386 2259 qui
407 2195 485 2237 usus
507 2169 663 2255 frequens
686 2181 736 2235 est
757 2167 845 2262 apud
860 2165 1009 2232 Livium.
1054 2165 1104 2233 Cf·
1119 2168 1181 2248 ΙΙΙ,
1203 2169 1254 2234 65.
1283 2167 1382 2234 Haec
1403 2167 1537 2249 omnia,
1559 2182 1597 2234 ut
1619 2169 1753 2255 invitis,
1774 2178 1824 2244 itn
1846 2205 1912 2246 non
1985 2205 1991 2214 ¹
2018 2162 2022 2169 ἢ
2090 2230 2093 2237 .

225 2284 491 2352 adversantibus·
501 2285 663 2374 patriciis
687 2293 883 2362 transacta,
919 2282 1001 2370 quin
1026 2282 1176 2348 nondum
1203 2283 1241 2348 in
1270 2307 1510 2374 quenquam
1536 2308 1666 2351 unum
1693 2289 1912 2362 saeviebatur.
1953 2290 1967 2319 x

225 2386 401 2484 XXVIII,
431 2407 483 2467 57.
515 2398 649 2466 Fundis
682 2409 721 2463 ut
760 2419 849 2462 nunc
875 2397 1089 2483 plurimum,
1130 2401 1183 2465 ita
1219 2412 1300 2465 tunc
1334 2400 1407 2465 solo
1426 2390 1479 2465 'eo
1514 2399 1581 2465 telo
1618 2400 1816 2483 utebantur,
1853 2434 1913 2477 nec

227 2518 455 2603 quisquam
476 2515 621 2577 alteriue
638 2510 752 2598 gentis
774 2529 883 2572 unus
906 2517 1039 2574 tanturn
1058 2532 1100 2573 ea
1121 2522 1213 2591 arte,
1241 2522 1408 2596 quantum
1436 2511 1527 2574 inter
1547 2511 1637 2575 alios
1659 2537 1798 2585 omnes
1819 2522 1910 2608 Bn-

228 2630 296 2696 lea
306 2625 370 2695 reo
392 2626 566 2692 excellunt.
610 2623 656 2708 ΙΙ,
673 2628 704 2688 9.
732 2621 830 2687 Haec
851 2620 1065 2712 indulgentia
1078 2635 1221 2710 patrum
1234 2622 1317 2688 adeo
1330 2622 1527 2689 concordem
1540 2624 1713 2694 civitatem
1726 2637 1853 2716 tenuit,
1866 2652 1912 2708 ut

227 2748 361 2837 regium
390 2763 510 2809 nomen
537 2762 605 2804 non
632 2738 758 2804 summi
783 2739 917 2826 magis,
954 2760 1058 2825 quam
1088 2735 1204 2825 infimi
1232 2738 1424 2819 horrerent,
1456 2762 1517 2805 nec
1544 2741 1777 2832 quisquam
1803 2773 1911 2818 unus

227 2861 331 2927 maiis
359 2856 490 2926 artibus
517 2865 639 2943 postea
671 2865 744 2920 tam
770 2852 950 2939 popularis
975 2866 1074 2937 meet,
1106 2856 1210 2942 quam
1238 2867 1312 2920 tum
1342 2850 1420 2919 bene
1449 2844 1649 2942 imperando
1680 2863 1910 2934 universus

226 2975 416 3043 Senatus
436 2971 526 3064 suit.
570 2972 633 3055 ΙΙΙ,
657 2969 709 3036 45.
738 2967 959 3036 Adversus
945 2969 1114 3054 injuriam
1144 2969 1271 3036 decreti
1300 2992 1403 3057 quum
1424 2970 1556 3037 multi
1578 2975 1692 3074 magis
1706 2974 1908 3068 fremerent,

227 3078 331 3179 quarn
354 3092 599 3180 quisquam
606 3110 716 3153 unus
739 3104 892 3151 recusare
913 3083 1060 3152 autieret
1103 3061 1265 3168 XXXII,
1287 3091 1342 3152 20.

328 3203 540 3294 ‹OQuiiibet
569 3216 603 3269 et
629 3201 779 3290 quiriae
810 3196 914 3263 libere
941 3211 975 3264 et
1003 3200 1105 3284 velle,
1136 3201 1320 3269 verborum
1350 3202 1532 3285 radicibus,
1564 3214 1597 3266 et
1625 3204 1686 3290 qui
1705 3213 1908 3295 pronomine

223 3322 366 3390 relativo
388 3333 551 3389 constant.
596 3294 791 3402 Utrianrque
814 3315 905 3382 euim
928 3339 1120 3405 pronomen
1143 3316 1281 3405 proprie
1302 3318 1370 3382 duo
1394 3329 1490 3383 erant
1512 3317 1634 3401 rerba,
1656 3323 1784 3389 nonin
1799 3348 1906 3394 unum

224 3439 412 3504 coniuncta.
457 3440 549 3505 Nam
579 3457 665 3524 quae
687 3433 805 3499 Cicero
832 3452 896 3519 pro
924 3435 1025 3498 Rosc
1052 3429 1128 3499 Am.
1150 3437 1181 3498 3.
1205 3432 1320 3498 lrabetr
1350 3433 1390 3498 Si
1417 3443 1490 3498 aut
1508 3455 1629 3498 caussa
1651 3435 1819 3519 criminis,
1846 3456 1907 3508 nait

218 3553 315 3644 facti
337 3553 505 3640 euspicio,
534 3563 596 3618 aut
624 3544 848 3639 quaelibet
877 3545 1060 3635 denique
1087 3548 1152 3614 vel
1176 3548 1357 3615 minima
1387 3570 1452 3614 res
1472 3549 1676 3637 reperietur,
1707 3576 1745 3619 ea
1766 3569 1905 3645 possunt

176 3714 178 3718 ψ
223 3672 270 3735 ita
290 3669 445 3734 dissolvi:
475 3678 532 3734 aut
555 3667 700 3750 denique
721 3663 777 3729 vel
798 3663 945 3729 minima·
961 3686 1015 3729 res
1034 3665 1238 3753 reperietur,
1267 3666 1464 3750 quaelibet.
1514 3663 1610 3730 ldern
1632 3666 1674 3732 de
1696 3669 1770 3736 Pin.
1793 3674 1825 3737 ll
1832 3675 1854 3752 l,
1871 3676 1902 3736 7.

223 3785 366 3852 Siovita
380 3781 514 3872 agenda
533 3792 582 3847 eet
599 3792 686 3846 certo
696 3801 820 3869 genere
836 3777 994 3866 quodam,
1016 3758 1098 3845 non
1119 3776 1323 3869 quolibet,
1345 3779 1366 3847 i.
1383 3804 1493 3846 enon
1508 3780 1682 3868 quolibet.
1711 3784 1776 3850 Sed
1794 3788 1901 3854 multo

128 3908 150 3945 ‘¹
221 3924 286 3969 usn
314 3900 397 3965 haec
425 3897 529 3964 verba
555 3897 592 3962 in
621 3916 727 3961 unum
755 3894 971 3976 coaluerunt,
1006 3907 1044 3961 ut
1074 3918 1137 3984 pro
1164 3882 1232 3961 uno
1257 3906 1297 3960 ’et
1323 3895 1527 3962 haberentur
1555 3910 1587 3965 et
1616 3910 1900 3968 construerentur.

219 4018 309 4085 Plio.
330 4015 421 4082 Hist.
446 4027 518 4088 nat,
531 4011 681 4096 VII,28.
707 4011 748 4078 ad
777 4006 834 4075 lin.
863 4006 929 4087 Bia
955 4005 998 4073 ab
1020 4007 1218 4077 Hannibale
1244 4023 1383 4100 captiae,
1413 4033 1516 4099 neque
1543 4014 1731 4081 enimcum
1753 4015 1900 4104 quolibet

223 4125 393 4199 docteres
409 4129 498 4219 fuit.
543 4127 652 4194 Simili
672 4124 775 4192 modo
805 4125 914 4213 quivis
941 4126 983 4192 ab
1001 4125 1101 4192 initio
1123 4127 1268 4223 obliquis
1287 4114 1419 4193 tantum
1440 4127 1477 4193 in
1498 4129 1627 4196 casibus
1647 4145 1844 4222 usurpatum
1866 4145 1899 4198 et

221 4247 464 4335 angustioribus
492 4242 623 4310 dicendi
644 4242 767 4308 finibus
788 4242 1075 4331 circumscriptum
1101 4241 1199 4308 luisse
1220 4242 1374 4308 arbitror.
1419 4242 1488 4309 cic.
1507 4242 1604 4311 Verr.
1624 4246 1684 4329 ΙΙΙ,
1701 4251 1750 4313 18.
1779 4262 1817 4314 ut
1830 4242 1897 4312 ‘iro-

222 4363 329 4427 minee
351 4361 520 4449 quidvis
534 4358 670 4446 perpeti
692 4378 796 4445 quam
817 4378 884 4420 non
904 4355 950 4422 de
969 4344 1065 4423 istius
1081 4357 1258 4443 pravitate
1278 4358 1436 4443 conqueri
1457 4358 1616 4438 mallent,
1637 4364 1661 4428 i.
1684 4385 1710 4427 e.
1734 4363 1812 4447 quid
1835 4364 1895 4425 vie.

207 4477 328 4545 -Ptaua
345 4477 441 4561 Asin,
457 4477 517 4561 ΙΙΙ,
534 4481 562 4549 ὃ,
578 4479 629 4541 81.
653 4471 798 4557 Quidvis
810 4481 938 4560 egestae
954 4471 1120 4560 imperat,
1141 4473 1163 4539 i.
1179 4471 1303 4560 equid
1317 4473 1380 4540 vis.
1422 4474 1471 4541 ld.
1487 4475 1587 4544 Truc.
1602 4475 1662 4564 lv,
1679 4478 1709 4558 Ι,
1725 4483 1752 4543 8.
1774 4476 1898 4543 Dicere

1307 4604 1311 4619 ¹
1474 4590 1555 4656 112
1904 4588 1907 4595 ’
