4320 5414
1017 598 1052 682 ς.
1084 590 1124 664 8.

400 735 460 795 DE
489 733 784 818 Pnottonttttta
812 730 1202 791 DEMONsrttsrtvt
1233 728 1456 824 sanativi
1487 731 1748 791 INDEFlNlTl
1834 724 1837 729 ’

735 834 794 890 ΕΤ
824 830 1202 932 turanuooartvt
1226 829 1411 897 nantes.
1561 836 1565 841 “

314 1005 317 1008 ·
337 978 374 1058 1)
393 974 466 1038 Iam
488 971 529 1037 ad
549 969 583 1035 id
600 972 846 1059 vocabulorum
867 994 991 1059 genus,
1015 992 1102 1056 quae
1121 990 1239 1035 omnes
1252 967 1458 1057 grammatici
1473 968 1509 1033 in
1521 970 1766 1057 pronominum
1781 958 1925 1036 numero

227 1089 420 1159 babuerunt
441 1100 475 1154 et
495 1088 701 1174 pronomina
722 1087 987 1155 demonstrativa
1008 1098 1238 1165 vocaverunt,
1260 1078 1569 1176 transgredi'lubetss
1606 1087 1665 1172 'Ea
1687 1076 1805 1173 autern
1824 1074 1925 1172 plane

228 1206 296 1272 alio
316 1204 437 1286 modo,-
460 1214 563 1288 atque
585 1204 791 1292 pronomina
815 1203 1025 1293 personalia,
1049 1222 1207 1295 quaeres
1230 1200 1371 1286 intelligi
1392 1198 1515 1286 velint,
1547 1199 1728 1286 declarant.
1774 1202 1867 1267 Nam
1889 1201 1928 1266 in
2029 1192 2037 1197 ’

121 1389 128 1397 ,
173 1304 175 1308 ’
228 1318 492 1412 pronominibus
515 1318 748 1408 personalibus
769 1318 981 1405 loquentium
1003 1328 1136 1384 tantum
1158 1327 1190 1381 et
1210 1315 1421 1381 audientium
1443 1326 1476 1380 et
1497 1313 1748 1403 eorum,‘quae
1771 1327 1806 1381 et
1829 1339 1849 1383 a
1871 1314 1929 1390 lo·
2009 1333 2015 1342 ’

229 1448 356 1522 quente
381 1448 416 1502 et
439 1434 480 1500 ab
502 1419 659 1501 audiente
687 1445 767 1500 sunt
795 1433 960 1519 disiuncta
978 1443 1012 1498 et
1033 1430 1126 1518 quasi
1147 1430 1188 1495 iis
1211 1431 1380 1518 opposita,
1409 1430 1497 1496 ratio
1522 1431 1686 1516 habetur3
1720 1432 1930 1522 pronomina

226 1565 340 1620 autem
360 1551 627 1617 demonstrativa
647 1549 713 1617 loci
733 1548 908 1617 notionem
925 1548 968 1617 ad
983 1570 1035 1613 res
1050 1545 1282 1633 significandas
1298 1546 1469 1615 adhibent}
1500 1528 1502 1534 ,
1820 1526 1827 1534 ³

333 1698 513 1766 Nimirum
526 1697 587 1765 illa
605 1697 836 1766 demonstrant
849 1699 983 1780 locum,
1005 1696 1041 1762 in
1058 1715 1125 1781 quo
1141 1717 1193 1759 res
1206 1694 1369 1780 quaedam
1383 1706 1548 1785 versetur,
1571 1709 1605 1764 et
1619 1721 1693 1764 eam
1708 1699 1805 1785 quasi
1818 1721 1928 1766 manu

227 1812 386 1907 porrecta
408 1814 583 1902 digitoque
604 1814 735 1884 intento
756 1790 958 1896 ostendunt,
987 1810 1022 1878 id
1044 1809 1135 1898 quod
1158 1808 1293 1876 adrem
1315 1810 1464 1900 aliquem
1486 1824 1644 1879 accurate
1659 1813 1928 1901 cognoscendam

225 1930 419 2023 plurimum
440 1927 541 1998 valet.
585 1931 683 2018 Quae
705 1931 796 1997 enim
815 1929 944 2024 notatio
964 1928 1016 1996 rei
1040 1925 1142 1994 alicui
1164 1922 1402 2016 intelligendae
1423 1939 1493 1996 tarn
1511 1928 1670 2016 inservit,
1700 1952 1804 2017 quam
1818 1932 1847 1999 si
1859 1931 1927 2021 ipsi

229 2069 307 2114 eam
326 2047 432 2113 oculis
447 2044 565 2113 videre
583 2058 618 2112 et
632 2047 848 2114 considerare
861 2046 1065 2144 possumus?
1086 2047 1191 2113 Recte
1205 2057 1316 2111 autem
1329 2045 1388 2113 illa
1399 2045 1504 2112 verba
1517 2056 1682 2111 vocantur
1693 2047 1905 2135 pronomina
1913 2073 1928 2134 3

229 2185 313 2230 nam
335 2162 396 2250 qui
418 2161 493 2248 bic,
523 2159 603 2250 iste,
634 2164 694 2230 ille
717 2163 817 2248 dicit,
843 2161 966 2251 elficit,
996 2177 1037 2231 ut
1056 2165 1171 2231 oculos
1192 2160 1330 2251 quidem
1347 2162 1386 2235 in
1405 2183 1480 2228 rem
1501 2146 1928 2251 aliquam'convertamus‚

229 2294 264 2347 et
284 2299 388 2365 quae,
412 2280 587 2368 qualisque
610 2282 654 2350 sit
676 2281 757 2367 ista,
780 2282 1021 2371 perspiciamus
1028 2306 1040 2362 3
1060 2282 1117 2347 sed
1134 2293 1249 2346 tamen
1267 2280 1424 2345 non'rem
1440 2278 1548 2368 ipsam
1561 2276 1748 2364 significat,
1771 2280 1925 2374 sedpro
2046 2310 2054 2319 ·

214 2393 301 2479 “eius
322 2395 439 2462 nomi
445 2417 493 2463 ne
514 2408 547 2463 et
555 2421 623 2486 pro
639 2397 794 2489 singrdis
806 2395 858 2464 rei
871 2396 1009 2464 indiciis
1021 2397 1062 2464 iis
1077 2399 1200 2482 verbis,
1224 2416 1307 2485 quae
1318 2395 1445 2485 locum,
1468 2393 1589 2480 inquo
1604 2416 1658 2460 res
1672 2406 1838 2482 versetur,
1865 2396 1926 2463 in·

230 2508 358 2595 dicant,
378 2511 496 2578 utitur.
539 2514 591 2580 Ea
606 2526 721 2582 autem
742 2515 949 2605 pronomina
968 2515 1071 2581 modo
1097 2513 1356 2597 adiectivorum,
1377 2511 1481 2577 modo
1499 2510 1788 2577 substantivorum
1802 2511 1931 2584 habent

229 2637 400 2694 naturam.
444 2628 535 2696 Nam
547 2630 576 2695 si
592 2630 667 2714 tric,
686 2630 768 2698 boec
785 2632 942 2715 dicimus,
964 2645 997 2700 et
1009 2639 1140 2715 virum,
1161 2629 1372 2696 mulierema
1390 2626 1488 2695 nobis
1503 2626 1645 2720 intelligi
1659 2650 1780 2694 manus
1795 2628 1931 2716 signifi-

118 2827 124 2846 .
230 2742 361 2810 catione
388 2730 582 2831 prodimus,
616 2749 682 2815 hoo
701 2770 895 2837 pronomen
922 2747 1123 2815 substantivi
1150 2757 1263 2834 partes
1289 2744 1428 2833 accipit3
1460 2744 1490 2808 si
1510 2741 1568 2808 tric
1593 2743 1664 2829 vir,
1692 2742 1778 2809 haec
1797 2744 1927 2841 mulier
1975 2716 1983 2731 Ι

231 2855 393 2942 dicimus,
425 2864 531 2949 quum
548 2885 676 2930 nomen
694 2864 738 2930 sit
760 2864 929 2952 additum,
954 2865 1044 2931 idem
1067 2884 1259 2952 pronomen
1281 2859 1439 2927 adiectivi
1454 2860 1528 2927 vim
1544 2859 1655 2927 habet.
1696 2859 1783 2928 Loci
1799 2875 1931 2950 autem,¹

224 2971 277 3071 'in‘
297 2972 417 3059 quibus
445 2999 500 3041 res
522 2979 633 3064 aliqua
661 2978 767 3068 possit
788 3003 875 3067 esse,
912 3005 1017 3072 quum
1045 2979 1134 3048 varii
1160 2977 1244 3063 sint,
1275 2976 1318 3043 ad
1341 2975 1503 3071 orationis
1524 2974 1798 3067 perspicuitatem
1822 2980 1928 3068 plura

233 3076 306 3163 eius
327 3088 421 3156 modi
441 3092 606 3161 vocabula
629 3092 894 3165 demonstrativa
916 3099 1098 3188 pleraeque
1117 3097 1250 3184 linguae
1270 3093 1415 3176 babent,
1438 3076 1583 3177 quorum
1598 3103 1760 3159 numerus
1774 3095 1925 3164 multum

234 3202 333 3269 etiem
353 3228 394 3273 eo
412 3220 528 3275 auctus
549 3220 616 3295 est,
639 3212 729 3299 quod
753 3215 866 3280 varios
885 3215 924 3280 in
943 3236 1023 3281 usus
1044 3236 1238 3303 pronomen
1252 3208 1555 3276 demonstrativum
1570 3223 1823 3279 converterunt.
1866 3217 1928 3284 Id·
1959 3254 1968 3292 ,-

234 3334 300 3402 que
327 3319 480 3404 proiecto
509 3325 748 3415 antiquissimis
784 3329 921 3415 quidem
952 3332 1163 3420 temporibus
1191 3351 1263 3397 non
1287 3325 1412 3392 mirum
1441 3337 1501 3390 est.
1553 3325 1647 3392 Nirm
1671 3326 1702 3392 si
1730 3329 1929 3419 linguarum

233 3428 344 3517 prima
361 3443 516 3525 tempora
537 3451 572 3506 et
591 3441 684 3529 quasi
707 3442 805 3510 initia
827 3466 904 3512 cum
924 3445 1102 3515 hominum
1120 3443 1268 3512 infantia
1287 3463 1486 3530 comparare
1498 3439 1593 3523 licet,
1615 3442 1689 3527 quis
1702 3449 1928 3538 nescit,·eos,

234 3546 355 3630 quibus
376 3549 532 3621 facundia
552 3567 585 3622 et
607 3557 697 3622 celer
716 3559 876 3627 orationis
899 3585 979 3629 usus
1001 3562 1104 3645 desit,
1133 3560 1176 3627 ad
1196 3583 1252 3627 res
1273 3580 1377 3624 manu
1391 3555 1811 3648 ostendendasconfngere
1828 3570 1927 3640 etita

162 3679 163 3682 ’
235 3661 285 3727 uti
303 3668 564 3752 pronominibus
590 3661 887 3742 demonstrativis?
915 3679 1032 3764 Itaque
1061 3698 1129 3763 quo
1160 3674 1350 3761 antiquiora
1378 3672 1512 3759 linguae
1534 3673 1672 3741 alicuius
1699 3689 1780 3745 sunt
1797 3704 1929 3753 monu·
2036 3714 2042 3724 ·

236 3793 372 3866 menta,
399 3809 440 3851 eo
459 3783 725 3875 frequentiorem
740 3792 983 3880 pronominum
1003 3791 1349 3859 demonstrativorum
1364 3810 1464 3855 usum
1479 3788 1583 3855 fnisse
1595 3791 1764 3862 videmus.
1808 3799 1929 3886 Qum-0

237 3890 329 3977 &pud
349 3910 479 3967 veteres
496 3901 643 3968 Graecos
665 3906 955 3996 aliquantoplura
968 3908 1172 3996 pronomina
1187 3905 1449 3972 demonstrativa
1463 3905 1641 3995 pluresque
1660 3909 1859 3999 particulas,
1883 3940 1932 3988 ex

238 4001 510 4083 demonstrativis
531 4029 639 4103 ortas,
665 4043 767 4108 quam
788 4023 878 4110 apud
897 4047 955 4090 eos
968 4025 1163 4112 scriptores,
1185 4043 1270 4109 quae
1285 4021 1427 4088 Lucisni
1440 4021 1649 4108 temporibus
1664 4024 1801 4110 vixere,
1824 4030 1928 4100 inve.

238 4124 362 4190 nimus.
403 4126 448 4191 Et
466 4146 581 4200 nostra
600 4137 769 4202 recentior
786 4113 978 4223 germanica
997 4140 1131 4226 lingua,
1160 4138 1189 4203 si
1208 4160 1287 4204 oum
1306 4135 1477 4202 veteribus
1493 4133 1684 4204 Gothorum
1704 4151 1764 4205 sut
1785 4143 1929 4234 Anglo.

237 4259 406 4306 saxonum
421 4239 567 4309 dialectis
579 4263 813 4342 comparatur,
835 4254 1034 4342 paucissima
1046 4254 1147 4322 habet
1159 4251 1362 4342 pronomina
1375 4251 1654 4338 demonstrativa,
1677 4274 1782 4340 quum
1796 4259 1850 4328 illi
1863 4263 1933 4332 ii,-

239 4352 317 4420 dem
343 4355 563 4422 abundarent
605 4364 691 4428 Cum
723 4369 980 4453 pronominibus
1003 4379 1115 4435 autem
1137 4366 1410 4434 demonstrativis
1436 4379 1472 4432 et
1488 4367 1746 4456 interrogativa,
1774 4386 1810 4442 et
1829 4378 1932 4450 inde-
1980 4414 1983 4418 ⁴

242 4466 358 4557 finita,
387 4484 421 4539 et
447 4472 587 4542 relativa
609 4488 699 4543 arcte
727 4479 905 4547 cohaerere
933 4504 1038 4569 eaque
1065 4483 1138 4572 ipsa
1158 4482 1231 4551 iure
1254 4481 1383 4572 optimo
1404 4481 1508 4548 etiam
1527 4481 1791 4559 demonstrativa
1811 4503 1928 4571 vocari
