4320 5414
92 262 402 441 „W

221 544 403 614 relativum
430 545 677 629 expresserunt
728 528 877 601 Rumori
905 551 976 598 una
1005 502 1117 598 fornia
1142 551 1337 622 pronomen
1361 530 1542 605 relativum
1569 549 1605 608 st
1631 537 1848 618 indefinitum
1865 560 1906 617 et

222 644 524 746 interrogativum,
554 653 620 724 ulia
649 646 949 718 demonstrativum
971 646 1158 736 signarunt.
1203 646 1326 717 Graeci
1347 670 1434 716 vero
1454 652 1652 723 omuibusa
1675 685 1694 725 s
1716 659 1832 729 littera
1851 661 1910 731 in-

219 773 428 865 sipientibus
454 770 576 843 tornis
601 765 783 853 antiquitus
805 763 996 854 promiscue
1014 775 1095 849 sunt
1115 763 1168 833 usi
1174 787 1187 847 3
1216 763 1340 835 hebent
1361 764 1688 868 snitupruuominis
1705 784 1740 873 et
1760 776 1913 847 demon·
1956 828 1979 871 ,

228 891 363 960 strativi
394 902 428 957 et
452 886 601 969 relativi,
625 896 726 972 atque
759 882 863 949 etiam
883 878 1049 947 indefiniti
1071 891 1107 945 et
1126 878 1359 967 interrogativi
1379 878 1688 968 signifieatippsms
1715 889 1804 967 Nam
1825 912 1915 979 qu„

189 1055 191 1059 «
230 1007 364 1077 articuli
384 1005 510 1083 formas
530 1000 666 1083 dicunt,
693 1021 751 1103 eae
772 995 897 1088 partim
919 994 1347 1085 pronomeninalefinitum
1364 1005 1400 1069 et
1414 995 1697 1087 interrogativum
1713 1004 1912 1095 signifiomg

68 1112 70 1119 ¹
232 1122 292 1206 (cf.
317 1124 347 1206 §.
367 1119 412 1204 9.)
433 1130 468 1188 et
492 1122 541 1195 τίς
565 1113 745 1205 aliquoties
765 1136 830 1205 pro
856 1112 999 1180 relativo
1020 1110 1417 1203 usurpatum‘reperitur·
1463 1113 1517 1185 Cl·
1536 1115 1700 1208 Aeschyl·
1722 1119 1816 1212 Sept.
1836 1122 1916 1190 adv.

231 1239 340 1310 Theb.
359 1237 434 1305 431.

524 1338 632 1425 τοιῷδε
658 1339 738 1422 φωτὶ
764 1333 883 1419 πέμπε,
910 1335 958 1407 τὶς
979 1330 1167 1410 ξυστήσεται.

236 1491 272 1545 st
295 1465 486 1545 callimach.
509 1465 613 1554 epigr.
635 1464 753 1531 XXX.

528 1581 670 1667 ἐχθαίρω
691 1576 728 1648 si
756 1582 873 1664 ποίημα
890 1574 927 1647 si
943 1575 1100 1663 κυκλικὸν,
1128 1576 1200 1647 orioli
1220 1581 1355 1668 κελεύθῳ

615 1699 732 1783 χαίρω,
753 1699 800 1771 τῖς
818 1690 951 1772 πολλοὺς
969 1688 1098 1764 silenat
1116 1686 1174 1762 ὦδε
1194 1698 1290 1781 φέρει.

239 1844 382 1910 Formas
408 1842 541 1911 autem,
569 1849 656 1914 quae
680 1852 707 1892 π
733 1825 806 1892 sive
827 1853 846 1892 a
869 1827 907 1893 in
927 1827 1024 1894 initio
1045 1825 1188 1911 habent,
1222 1823 1343 1894 Graeci
1367 1823 1503 1894 nonnisi
1519 1824 1688 1894 indefiniti
1709 1830 1926 1918 pronominis
2035 1816 2036 1821 ’

200 1937 201 1941 ¹
240 1971 276 2025 et
303 1943 540 2034 interrogativi
566 1943 603 2008 in
626 1963 724 2008 usum
747 1940 971 2008 adsciverunt.

345 2088 530 2184 Quomodo
558 2110 602 2156 ex
627 2086 729 2154 unius
754 2087 852 2155 verbi
873 2086 986 2153 radice
1013 2085 1181 2174 singulae,
1208 2109 1290 2183 quas
1313 2086 1601 2172 enumeravimus,
1630 2088 1842 2178 pronominis
1863 2092 1929 2160 de-

169 2197 199 2311 v,
243 2208 463 2285 monstrativi
490 2205 623 2272 formae
653 2201 721 2268 sint
749 2212 861 2286 ortae,
892 2222 1026 2289 quoque
1053 2203 1155 2271 modo
1182 2224 1259 2269 oum
1289 2204 1401 2293 prima
1429 2205 1639 2293 pronominis
1668 2205 1930 2280 demonstrativi

245 2330 386 2400 notione
420 2333 455 2389 et
491 2339 682 2409 pronomen
714 2317 894 2384 relativum
922 2328 956 2383 et
982 2315 1197 2384 indefinitum
1228 2329 1263 2385 et
1289 2318 1586 2408 interrogativum,
1619 2340 1723 2408 quae,
1757 2320 1926 2408 quoniam

246 2444 403 2518 omuibus
425 2432 677 2503 demonstrandi
698 2433 793 2499 notio
814 2434 945 2514 subeat,
974 2432 1150 2517 aliquoties
1174 2434 1349 2503 communi
1375 2436 1618 2525 pronominum
1639 2434 1929 2506 demonstrativo-

246 2584 324 2634 rum
345 2552 485 2627 nomine
506 2549 747 2639 comprehensa
766 2573 786 2617 a
805 2549 902 2618 nobis
923 2560 958 2615 et
971 2542 1274 2638 nuncupatusunt,
1299 2551 1518 2639 cohaereant,
1538 2576 1580 2620 ea
1596 2550 1744 2639 quaestio
1765 2552 1833 2621 iam
1846 2556 1928 2624 satis

248 2701 387 2750 excussa
417 2684 519 2755 atque
553 2667 707 2754 exposita
735 2665 871 2734 videtur
903 2687 982 2732 esse.
1032 2665 1150 2751 Itaque
1178 2666 1383 2754 pronomina
1410 2650 1689 2750 demonstrativa,
1721 2691 1805 2757 quae
1832 2673 1927 2759 apud

250 2796 398 2861 Graecos
419 2798 453 2854 et
472 2784 645 2850 Romanos
660 2781 901 2865 inveniuntur,
928 2778 1125 2867 singillatim
1145 2801 1403 2870 persequemur,
1428 2803 1629 2870 eorumque,
1661 2802 1747 2869 quae
1766 2784 1808 2854 sit
1826 2786 1926 2876 origo

250 2903 511 2990 declinatioque,
540 2909 574 2967 et
600 2897 659 2984 qui
683 2919 781 2980 usus,
809 2896 1048 2964 enarrabimus.
1091 2894 1214 2964 Graeci
1235 2897 1359 2966 habeut
1378 2900 1461 2967 bueo
1480 2899 1702 2989 pronomina:

221 3046 236 3065 '
358 3028 623 3100 demonstrativa
642 3025 675 3111 ὅ,
697 3025 748 3114 (ἧ,
775 3028 838 3111 ssi)
867 3027 935 3111 ὅδε,
961 3019 1069 3111 οὗτος,
1097 3035 1213 3113 κεῖνος,
1242 3030 1368 3118 (rison)
1388 3026 1408 3100 ὅ
1427 3033 1527 3112 tisim

355 3145 530 3221 indefinita
550 3141 570 3212 ὅ
590 3145 663 3212 sive
685 3149 787 3229 ΤΟΣ,
815 3149 877 3228 τίς,
902 3147 996 3211 ΠΟΣ
1014 3155 1048 3209 et
1069 3148 1174 3225 ΚΟΣς

356 3260 599 3347 interrogativa
627 3261 754 3327 directa
774 3264 837 3342 τίς,
866 3263 958 3327 ΠΟΣ
981 3269 1015 3325 et
1035 3263 1142 3341 [1023

356 3376 595 3467 interrogativa
614 3376 779 3445 indirecta
805 3375 903 3461 ὅςτις,
925 3373 1058 3444 *οΠοΣ
1080 3387 1113 3443 st
1130 3371 1269 3446 ‘0802

406 3680 409 3684 ,
1043 3615 1077 3699 s.
1109 3607 1150 3685 s.
1676 3694 1679 3703 ,

363 3755 424 3815 DE
452 3749 749 3816 attacorum
773 3733 1049 3807 ruoltomt‘tta
1074 3746 1480 3807 namortstssavtvo
1508 3747 1564 3806 ET
1592 3747 1834 3808 astattvo.

349 3893 399 3968 et)
427 3883 584 3954 Primum
618 3880 660 3948 de
696 3878 739 3945 iis
768 3878 1042 3968 pronominibus,
1077 3901 1163 3969 quae
1195 3901 1279 3970 prae
1314 3880 1445 3948 oeteris‘
1466 3880 1730 3950 demonstrativa
1761 3896 1942 3969 vorantur,

263 4003 429 4090 agendum
457 4011 517 4068 est.
560 3996 699 4066 Horum
727 3994 1010 4085 simplicissimum
1033 4007 1082 4085 est
1100 3992 1136 4081 o‘,
1165 3990 1214 4078 i,
1228 3998 1276 4067 τό.
1300 3995 1431 4094 ‘Huius
1447 3997 1659 4087 pronominis
1679 3995 1767 4088 apud
1788 3996 1941 4069 Graeuoa

260 4137 378 4188 omnes
405 4138 499 4184 casus
525 4138 548 4184 a
574 4142 594 4182 s
613 4113 723 4182 littera
743 4111 928 4202 incipiunt,
958 4123 1091 4202 praeter
1109 4112 1287 4180 masculini
1306 4123 1340 4178 et
1358 4109 1518 4181 feminini
1536 4111 1670 4202 generis
1687 4110 1942 4186 nominativum

260 4238 298 4304 in
327 4227 490 4317 singulari
516 4252 658 4297 numero
687 4237 721 4297 et
746 4227 880 4319 plurali
922 4226 989 4294 Sed
1018 4228 1255 4319 antiquissimis
1284 4222 1421 4316 quidem
1449 4230 1658 4318 temporibus
1687 4227 1789 4297 etiam
1810 4228 1855 4301 iu
1884 4233 1943 4303 his
1972 4276 1977 4282 -

239 4349 391 4421 'casibus
410 4373 429 4415 s
450 4344 493 4412 ab
516 4341 613 4408 initio
635 4345 815 4413 obtinuisse
837 4357 873 4412 et
890 4344 1068 4431 singularis
1086 4345 1221 4414 numeri
1242 4342 1492 4412 nominativum
1513 4347 1552 4412 τό
1570 4345 1643 4412 sive
1665 4345 1738 4430 τός,
1763 4346 1820 4429 ssi,
1844 4350 1885 4416 τό
1905 4364 1943 4417 et

261 4469 298 4535 in
318 4463 490 4557 plurativo
510 4461 578 4540 sos,
600 4458 671 4538 ssi,
698 4459 737 4567 sot
753 4456 876 4547 luisse,
899 4460 1107 4530 credendum
1127 4472 1189 4548 est,
1231 4457 1272 4528 Id
1291 4478 1399 4548 quum
1420 4453 1545 4542 exiis,
1571 4477 1659 4548 quae
1679 4463 1709 4545 §.
1727 4458 1822 4532 tie
1840 4460 1945 4533 huius
1977 4515 1981 4521 -
