4320 5414
1795 363 1980 467 ἑή.

40 547 56 560 ⁸
157 588 255 668 dnm,
282 575 461 672 suiipsius
480 574 585 645 rerba
606 571 839 658 audieturque
853 569 1016 661 excipiat,
1038 570 1105 640 sibi
1118 583 1286 661 opponat,
1305 587 1510 646 necesscest.
1555 577 1608 655 Ita
1622 594 1703 664 prae
1716 576 1835 642 ceteris
1894 572 1896 576 ’

38 740 40 745 -
158 702 202 769 ad
226 722 325 767 omne
344 691 520 762 sermonis.
534 688 773 763 commercium
794 688 879 757 duas
900 710 1067 777 personae
1085 685 1166 757 sunt
1187 693 1397 781 necessariae.
1448 695 1494 763 Et
1516 692 1562 778 is,
1592 691 1833 779 quidoquitnn,
1927 702 1934 711 '
1972 695 1979 702 ”

19 855 26 862 -
92 794 96 800 ’
155 815 268 908 prima
284 822 612 913 personasoostor,
637 805 799 897 quonism
819 805 951 897 prlmse
964 804 1104 882 ¹eius-‚iu
1125 817 1382 897 sermoneaaut
1405 809 1532 899 partes,
1560 800 1667 896 eaque
1688 828 1835 897 persona
1880 828 1884 836 ’

155 933 258 1007 totitas
272 925 432 1023 orationis
441 923 543 1011 quasi
552 945 671 1020 capsas
680 935 719 995 et
729 921 807 993 sous
816 933 875 989 est.
903 922 952 993 ‚Is
968 944 1069 1011 nero,
1093 921 1299 1010 quipuimo
1308 940 1472 1012 personae
1485 925 1837 1008 verba¹sudit„·.recte
1926 953 1928 956 ⁴

150 1048 262 1117 altera
277 1053 422 1131 persona
436 1040 590 1121 dianium¹
599 1039 671 1111 'nisi
683 1038 776 1113 enim
789 1038 959 1130 habuisset
976 1039 1104 1126 primo,
1124 1059 1234 1123 quem
1246 1017 1475 1124 alloqueretur
1486 1040 1558 1109 sius
1575 1040 1670 1109 euim
1684 1041 1722 1107 in
1737 1061 1838 1118 usum

155 1138 261 1231 verba
281 1156 689 1252 faceretromninolnon.
701 1155 811 1220 locuta
822 1168 926 1225 ceseb-
945 1154 1198 1238 thtttounq'ue
1217 1168 1340 1222 sutem:
1352 1168 1485 1242 praeter
1507 1157 1703 1240 loquentem
1714 1168 1759 1227 ,et
1773 1177 1839 1221 su·

151 1275 304 1347 dientem
319 1269 538 1359 reperiuntur
554 1284 588 1338 et
604 1292 688 1358 qnae
702 1286 819 1337 eorum
830 1269 987 1358 ,personis
1002 1270 1098 1354 qnasi
1113 1270 1269 1356 opposita
1280 1283 1377 1353 suut,
1407 1296 1446 1340 ea
1461 1272 1577 1337 omnia·
1587 1291 1693 1337 unam
1706 1268 1748 1334 in.
1757 1290 1837 1334 cen-

153 1413 234 1458 sum
250 1386 394 1457 ueniunt
414 1397 450 1453 et
471 1385 591 1454 tertiae
610 1404 775 1475 personne
796 1387 935 1455 nornine
957 1385 1297 1475 comprehenduntur.
1336 1388 1456 1473 Neque
1475 1396 1650 1474 praeterea
1671 1383 1740 1450 ulla
1759 1405 1839 1472 per-

145 1528 236 1574 sona
254 1503 298 1572 ad
320 1518 513 1571 sermonem
531 1514 581 1571 eet
597 1504 801 1596 nocentia·
822 1505 931 1571 ,Patet
949 1515 1081 1586 autern,
1105 1503 1260 1569 notiones
1274 1500 1440 1586 loquentis
1456 1516 1491 1571 et
1503 1501 1682 1584 audientis,
1705 1511 1742 1567 et
1756 1499 1837 1580 eius,
1916 1563 1920 1567 ,
1965 1500 1968 1505 ’

150 1623 197 1693 de
217 1644 284 1710 quo
297 1641 417 1693 sermo
434 1618 496 1703 sit,
518 1620 625 1686 mnlto
646 1619 741 1705 prius
760 1618 875 1684 animo
892 1640 962 1682 esse
983 1616 1200 1697 informatas,
1223 1638 1324 1703 quarn
1343 1617 1421 1683 alias
1435 1641 1512 1701 res5
1531 1630 1616 1703 qnae
1629 1617 1837 1703 singularum

150 1710 373 1827 personarum
394 1734 523 1822 possint
549 1755 621 1799 esse
643 1733 820 1820 propriae,
856 1753 961 1816 esque
984 1733 1103 1798 rectius
1129 1732 1269 1797 nomina
1290 1733 1481 1817 personalia
1506 1746 1605 1814 quam
1632 1729 1837 1818 pronomina

153 1850 277 1918 vocari.
318 1849 564 1939 *Verumtamen
587 1849 693 1932 quoni
716 1848 843 1936 prima,
865 1844 1012 1909 secunda
1032 1856 1066 1910 et
1087 1846 1182 1911 tertia
1202 1868 1345 1933 persona
1366 1847 1439 1917 sive
1455 1846 1630 1916 hominem
1657 1822 1833 1929 siveram,

151 1967 209 2034 cui
228 1987 371 2045 nornen,
393 1964 530 2046 titulus,
553 1961 702 2046 aliaeque
715 1961 841 2027 multae
853 1971 953 2027 notae
968 1970 1046 2023 sunt
1059 1960 1218 2052 proprias
1232 1982 1271 2025 sc
1287 1962 1488 2048 peculiares,
1510 1961 1696 2047 significet,
1714 1962 1834 2026 harum

143 2082 291 2168 quidem
308 2079 514 2166 singularum
534 2076 783 2165 proprietatum
803 2073 936 2144 ratione
956 2074 1090 2160 habita,
1109 2077 1311 2161 pronomina
1327 2067 1462 2164 quoque
1475 2101 1529 2144 eae
1545 2101 1702 2170 personas
1718 2081 1833 2148 vocari

150 2216 265 2290 posse,
290 2193 524 2263 confitendum
544 2204 605 2266 ert.
1270 2283 1278 2289 α

259 2311 363 2381 caius
376 2312 514 2396 ,generis
535 2311 648 2401 prima
669 2309 714 2379 sit
732 2320 766 2402 et
788 2306 898 2380 altera
913 2329 1079 2399 persons,
1106 2313 1143 2380 id
1164 2312 1317 2405 plerique
1338 2311 1457 2403 populi
1476 2312 1513 2380 in
1536 2313 1609 2404 ipso
1629 2315 1832 2405 pronomine

143 2456 226 2502 non
249 2427 445 2518 exprimunt
452 2452 464 2510 ς
491 2451 554 2519 ego.
575 2429 668 2495 enim
689 2443 722 2496 et
738 2435 820 2494 tu'et
834 2449 962 2494 marem
979 2434 1012 2494 et
1025 2429 1186 2496 feminam
1202 2431 1350 2495 indicare
1367 2442 1520 2517 possunt.
1561 2432 1702 2516 Caussa,
1723 2453 1783 2497 cur
1796 2429 1832 2495 id

154 2571 227 2615 non
246 2545 391 2626 faciant,
416 2543 497 2609 liaeo
512 2552 581 2627 est',
604 2542 693 2628 quod
718 2542 776 2627 qui
794 2542 952 2626 loquatur
965 2550 998 2605 et
1012 2543 1073 2626 qui
1084 2541 1215 2626 audiat,
1237 2557 1352 2609 utrum
1368 2546 1423 2607 vir
1436 2542 1621 2609 ansleminu
1635 2546 1688 2627 sit,
1711 2545 1747 2609 in
1759 2547 1831 2610 ool·
1901 2602 1906 2611 a

153 2661 385 2748 loquio'pstet.
430 2657 547 2724 Tertia
567 2667 679 2722 sutem
693 2677 838 2744 persona
853 2655 917 2720 tria
932 2655 1031 2720 habet
1044 2678 1183 2748 genera,
1203 2680 1239 2722 v.-
1251 2679 1280 2722 o.
1294 2679 1394 2722 masc.
1412 2658 1460 2739 is,
1482 2657 1560 2725 sem.
1577 2681 1634 2744 aa,
1658 2650 1769 2735 nenti.
1784 2657 1829 2726 id.

153 2780 247 2848 Nam
267 2786 369 2865 quum
393 2774 474 2840 haec
491 2794 638 2861 persona
659 2771 792 2853 omnis,
816 2769 858 2834 de
881 2769 1000 2856 quibus
1022 2792 1133 2836 sermo
1153 2771 1216 2852 fit,
1240 2773 1518 2860 comprehendat,
1541 2796 1627 2859 quae
1647 2772 1830 2840 admodum
1855 2812 1860 2818 ·
1901 2772 1905 2786 '

119 2979 121 2982 Ι
152 2893 349 2960 variarunt
368 2899 402 2952 et
423 2890 567 2970 incerta,
589 2908 712 2974 magna
731 2885 874 2952 oradoni
895 2883 1034 2952 affertur
1056 2888 1291 2974 perspicuitas,
1313 2891 1360 2970 si,
1381 2889 1461 2954 haec
1477 2913 1621 2977 persona
1640 2910 1829 2968 nummas—
1872 2942 1875 2946 ,

150 3009 272 3088 culini,
301 3027 345 3069 an
364 3001 520 3069 seminini
533 3004 684 3090 generis,
714 3025 759 3067 an
774 3002 923 3067 neutrius
939 2999 1002 3080 sit,
1023 3001 1245 3087 singularibus
1264 3005 1476 3091 pronominis
1495 3004 1612 3071 formis
1633 2999 1829 3088 declaratuij.
1879 3054 1884 3060 .

149 3126 204 3191 Its
224 3120 351 3188 factum
371 3130 437 3200 est,
465 3130 505 3184 nt
530 3119 645 3204 lingua
669 3119 774 3184 latina
796 3137 949 3201 quaeque
978 3139 1054 3182 cum
1077 3119 1140 3182 hac
1158 3132 1325 3204 cognatae
1346 3135 1440 3203 sunt,
1470 3145 1573 3208 quum
1597 3122 1727 3209 primae
1747 3142 1828 3208 peu-

150 3261 252 3305 sonae
279 3246 314 3301 et
335 3235 500 3301 secundae
520 3255 622 3298 unam
646 3257 710 3321 pro
736 3232 831 3298 omni
849 3238 972 3317 genere
993 3233 1176 3301 tribuerent
1200 3235 1369 3320 sormam,
1396 3235 1512 3302 tertiae
1533 3247 1644 3302 tamen
1665 3255 1828 3324 personne

147 3328 212 3422 tiis
228 3373 350 3440 genera
374 3350 596 3435 singularibus
614 3348 732 3415 formis
749 3349 988 3416 discernerent.

898 3545 962 3628 '§.
997 3538 1036 3611 4.

254 3682 311 3737 DE
334 3677 628 3767 PRONOMtNts
653 3679 823 3762 PRIMAE
849 3679 905 3734 ET
930 3680 1175 3737 SECUNDnE
1198 3678 1438 3741 PERSONAE
1463 3680 1721 3742 RADICIBUS.

257 3823 292 3903 1)
321 3818 363 3882 In
382 3815 586 3904 pronomine
604 3816 733 3905 primae
753 3829 787 3884 et
801 3818 965 3885 secundae
979 3839 1142 3906 personae
1158 3824 1417 3912 contemplando
1429 3826 1579 3912 primu-tn
1595 3823 1745 3888 animum
1765 3823 1827 3891 ad·

149 3938 253 4010 vertit
280 3932 449 4013 radicum,
481 3950 567 4014 quae
595 3932 728 3999 adeius
750 3933 1008 4001 declinationem
1030 3934 1247 4022 adhibentur,
1277 3939 1474 4024 multitudo,
1503 3960 1625 4024 eaque,
1655 3939 1823 4024 quomodo

150 4060 296 4134 oriatur,
316 4045 553 4136 explicandum
574 4058 631 4112 est.
672 4048 804 4114 Notum
823 4062 873 4115 est
897 4062 1027 4131 autern,
1050 4072 1167 4118 omnes
1187 4055 1357 4137 notiones,
1386 4075 1470 4139 quae
1491 4041 1823 4122 multimodassmenti

34 4168 59 4223 '·
150 4199 221 4243 sese
241 4167 382 4236 offerant
403 4174 437 4228 et
457 4184 519 4227 usu
540 4159 819 4250 frequententur,
837 4167 937 4236 etiam
959 4166 1072 4232 verbis
1092 4167 1235 4235 diversis
1255 4167 1434 4238 enuntiari.
1476 4169 1821 4260 Nem‚ntexe1nplo

63 4373 66 4387 ι
152 4302 245 4370 utar,
274 4279 434 4369 quoniam
465 4278 531 4343 iter
558 4278 661 4343 variis
691 4279 800 4346 modis
826 4278 937 4347 facere
960 4305 1136 4370 possumus
1165 4299 1200 4351 et
1226 4285 1383 4353 itinerum
1411 4286 1605 4376 saepissime
1627 4287 1663 4352 fir
1684 4287 1822 4367 inentia,

152 4410 189 4474 in
220 4399 386 4492 plerisque
412 4393 534 4479 linguis
561 4393 659 4480 plura
680 4406 796 4460 extant
817 4397 938 4480 verba,
968 4399 1088 4483 quibus
1110 4402 1196 4467 varii
1221 4401 1323 4468 eundi
1344 4401 1445 4468 modo
1467 4392 1669 4469 indicantur.
1713 4402 1826 4479 Item-

154 4543 220 4610 que
239 4536 297 4584 eae
318 4510 484 4598 nationes,
507 4529 592 4598 quae
613 4530 709 4579 orum
727 4490 934 4579 maritimam
954 4513 1106 4583 incolunt
1126 4530 1330 4608 etmagnana
1352 4519 1556 4607 navigationi
1578 4531 1718 4608 operam
1732 4516 1826 4597 done
