4320 5414
211 381 287 461 1⁰0

302 636 303 639 ,
316 579 356 660 8)
375 572 531 660 Denique
551 534 595 639 de
613 546 677 659 qud
687 536 851 656 particula
865 528 1105 653 exponendum
1118 573 1179 635 est·
1221 561 1327 648 Quod
1337 562 1493 649 quamvis
1509 562 1554 631 sit
1567 563 1742 650 singulm
1750 566 1902 633 mu..

213 683 310 778 lum,
324 705 438 760 tamen
458 686 558 756 toties
571 706 649 751 cum
662 681 865 794 pronnmine
877 681 1048 764 coalescit,
1068 691 1107 747 ut
1118 679 1195 759 hic,
1215 677 1274 745 ubi
1290 678 1332 744 de
1345 681 1550 768 pronomine
1563 679 1709 766 agimus,
1733 704 1806 749 non
1821 703 1906 773 pns-
1998 687 2015 721 ⁰-

213 810 338 894 simus,
368 806 453 896 quin
476 800 520 868 de
541 824 582 866 eo
604 821 713 889 pauca
732 796 939 864 adiiciamus.
980 797 1059 863 Hoo
1080 795 1224 864 verbum
1243 806 1278 862 et
1297 794 1387 883 apud
1408 795 1514 863 indos
1536 807 1570 861 et
1588 795 1678 884 apud
1697 797 1849 866 Graecos
1871 808 1907 864 et

215 924 307 1015 apud
335 925 509 991 Romanos
526 912 594 1015 (cr.
611 916 641 999 §.
655 919 686 982 7.
706 921 739 994 2,
761 914 807 997 ε.)
833 912 871 979 iu
892 935 957 979 usn
978 923 1046 994 est,
1075 924 1174 999 etque
1191 913 1229 978 in
1248 910 1300 977 his
1320 910 1625 998 lingnisomnibns
1643 910 1817 999 iungendi,
1835 937 1909 1002 po.
1985 913 1991 918 “
2021 891 2034 907 ‘

216 1040 383 1109 tiniarum
406 1033 516 1101 verbis
533 1030 775 1117 sententiisque
793 1028 938 1095 inservit
959 1050 998 1094 ac
1019 1049 1155 1116 semper
1175 1049 1266 1116 pone
1287 1030 1452 1110 verbum,
1473 1027 1518 1095 ad
1540 1028 1630 1114 quod
1647 1022 1813 1116 pertinet,
1833 1029 1917 1092 eol-¹

218 1157 360 1223 locatur.
404 1146 512 1236 Apud
534 1146 637 1212 Indos
658 1157 771 1213 autem
792 1166 864 1210 non
884 1145 995 1209 solum
1017 1144 1122 1210 verbs
1142 1142 1390 1229 sententiasque
1411 1142 1604 1231 coniungit,
1625 1143 1689 1210 sed
1705 1142 1744 1209 in
1764 1126 1927 1209 univer?

220 1294 298 1338 sum
325 1263 542 1346 sententiam,
576 1282 663 1348 quae
693 1259 909 1343 enuntiatur,
948 1258 1201 1347 aliquovorsum
1230 1238 1355 1327 referri
1389 1257 1567 1352 significat.
1624 1259 1705 1341 Hos
1732 1279 1840 1346 quum
1872 1255 1922 1339 iut

221 1368 391 1476 plerisque
409 1376 581 1444 sententiis
601 1374 745 1459 accidat,
774 1375 830 1458 lit,
859 1390 899 1443 ut
915 1375 1005 1462 apud
1025 1374 1128 1440 ludos
1149 1374 1249 1442 huius
1271 1373 1454 1464 particulae
1475 1396 1555 1441 usus
1576 1373 1661 1441 adeo
1678 1374 1723 1442 sit
1740 1355 1912 1458 frequens,

223 1513 264 1565 ut
285 1523 324 1565 ea
345 1496 383 1562 in
404 1491 594 1582 particulis,
623 1513 705 1578 quas
736 1490 840 1577 vulgo
862 1481 1051 1579 expletisas
1075 1505 1215 1574 vorant,
1241 1491 1414 1558 habeatur.
1457 1492 1575 1578 Atque
1600 1491 1628 1557 si
1650 1491 1741 1581 apud
1762 1488 1912 1556 Graecos

224 1617 262 1684 τέ
282 1611 443 1702 particule
464 1620 522 1675 eut
543 1606 585 1673 ad
604 1627 796 1696 pronomen
815 1606 996 1672 relativum
1017 1607 1139 1673 autad
1162 1605 1343 1688 adverbia,
1365 1625 1450 1690 quse
1471 1629 1491 1673 e
1512 1604 1771 1695 pronominibus
1791 1600 1914 1673 oriun-

226 1741 303 1814 tur,
330 1724 445 1793 sddita
465 1734 533 1805 est,
559 1722 595 1787 id
616 1733 757 1812 propter
782 1718 925 1786 eandem
953 1720 1126 1788 relationis
1148 1720 1324 1789 notionem
1346 1720 1473 1790 iactum
1496 1722 1630 1789 videtur
1651 1743 1732 1790 esse.
1775 1707 1914 1799 ln'ssdes
2020 1734 2028 1750 ·

228 1855 344 1913 auum
367 1855 403 1908 et
425 1834 477 1907 irs
497 1849 577 1920 etc,
602 1838 646 1903 de
669 1837 789 1924 quibua
811 1838 912 1919 §td
935 1836 966 1902 t.
995 1837 1161 1905 nonnulla
1185 1837 1399 1925 monuimus,
1426 1839 1465 1927 esf
1482 1838 1531 1905 sd
1545 1851 1679 1927 tempus
1695 1836 1842 1906 ‘relatum
1856 1840 1933 1913 sat,

230 1971 265 2027 et
284 1955 447 2045 temporie
468 1952 562 2022 notio
584 1952 622 2018 in
642 1951 694 2018 bis
715 1953 854 2042 yocibus
872 1955 1057 2019 maximam
1072 1964 1205 2040 partem
1225 1953 1380 2025 obtinuit.
1421 1953 1570 2023 Romani
1580 1976 1683 2038 vero,
1704 1971 1809 2040 quum
1821 1958 1916 2014 cete·

207 2046 355 2161 'coquin
376 2071 413 2135 in
437 2089 502 2157 que
528 2067 716 2156 particulae
745 2089 810 2134 nsn
837 2089 915 2133 eum
945 2066 1085 2135 Graecia
1113 2079 1148 2135 et
1173 2067 1265 2134 India
1290 2070 1518 2153 consentiant,
1549 2070 1592 2139 e'a
1613 2083 1727 2139 tamen
1747 2089 1787 2135 re
1808 2063 1852 2133 ab
1871 2061 1922 2131 iis,

140 2214 143 2219 ·
232 2186 410 2271 differunt,
433 2183 523 2272 quod
544 2182 637 2249 illam
652 2182 853 2276 particulam
872 2183 1064 2273 saepissime
1083 2183 1129 2251 ad
1146 2205 1339 2272 pronomen
1359 2184 1573 2253 indefinitum
1590 2187 1773 2276 omniaque
1789 2180 1919 2248 adver·

78 2371 81 2381 ‚
188 2360 191 2366 .
231 2302 308 2383 bia,
337 2321 422 2383 quae
444 2323 465 2364 a
487 2297 692 2384 pronomine
712 2296 892 2364 indefinito
913 2299 1074 2382 veniunt,
1105 2298 1243 2367 addunt.
1288 2297 1415 2364 Confer
1432 2297 1590 2386 quisque,
1620 2307 1777 2384 uterque,
1807 2291 1919 2358 undi—
1964 2344 1969 2353 .

234 2436 316 2505 que,
349 2415 526 2495 artaque,
560 2409 700 2492 uttqsae,
736 2432 892 2495 mosset·
917 2430 1040 2493 m,
1070 2430 1215 2493 51⁸⁰th
1257 2412 1389 2490 Quodsi
1417 2433 1502 2496 quae
1530 2414 1574 2481 sit
1600 2413 1699 2480 huius
1727 2404 1918 2499 particulae

234 2525 451 2615 significatio,
472 2521 688 2608 quaerimus,
708 2521 774 2588 boc
794 2532 845 2586 est
865 2519 981 2586 animo
993 2518 1235 2609 repetendum,
1257 2520 1347 2606 quod
1362 2523 1394 2604 §.1
1411 2527 1459 2589 13.
1475 2525 1506 2589 b
1528 2525 1767 2613 exposuimus,
1787 2539 1924 2608 prono*

235 2642 329 2712 mine
357 2637 533 2707 indefinito
560 2657 635 2704 rem
662 2646 775 2703 mente
800 2648 996 2728 conceptam
1022 2650 1057 2704 et
1081 2660 1101 2717 e
1128 2657 1244 2704 rernm
1274 2635 1425 2703 eiusdem
1453 2639 1585 2724 generis
1614 2638 1752 2707 cumulo
1773 2657 1813 2703 ac
1831 2631 1931 2700 seric-

241 2768 415 2825 exemtam
440 2752 635 2840 significari,
686 2752 759 2836 Que
787 2768 901 2821 autem
930 2752 1097 2840 particula
1120 2752 1148 2817 si
1172 2752 1214 2818 ad
1237 2775 1429 2842 pronomen
1449 2753 1603 2838 additur,
1632 2751 1842 2845 pronominis
1867 2746 1928 2815 vis

241 2870 437 2941 extenditur
455 2868 557 2956 idque
573 2867 616 2937 ad
630 2891 766 2937 omnem
781 2893 874 2952 rem,
897 2868 934 2934 in
949 2852 1050 2954 quam
1062 2867 1182 2935 cadere
1195 2834 1301 2957 pisssit
1311 2868 1500 2954 sententis,
1519 2869 1698 2939 transferri
1711 2868 1932 2958 significant.

239 2990 360 3073 Itaque
383 2986 458 3072 quis
464 3032 478 3062 ,
509 2984 673 3069 particula
689 3006 754 3072 que
773 2984 950 3068 adiuncta,
971 3006 1042 3051 uon
1055 2983 1233 3048 bominum
1245 2983 1416 3049 incertum
1430 2977 1618 3069 quendem,
1636 2986 1695 3052 sed
1708 3007 1864 3063 omnem,
1882 2979 1934 3049 ud

241 3123 344 3189 quem
362 3116 363 3119 ’
373 3097 556 3188 pertinere·
573 3097 680 3185 possit
702 3100 889 3181 sententia,
917 3111 1025 3166 notat
1071 3099 1130 3166 Ab
1158 3099 1269 3164 omnis
1290 3097 1394 3185 igitur
1414 3100 1463 3165 ita
1483 3098 1614 3182 differt,
1640 3111 1683 3165 ut
1702 3102 1767 3167 boc
1789 3096 1933 3182 quidem

241 3229 379 3286 cunctos
407 3214 508 3280 simul
534 3213 717 3301 significet,
752 3215 894 3303 quisque
922 3229 1036 3287 eutem
1066 3212 1336 3282 distributionem
1367 3213 1539 3302 quandam
1563 3214 1764 3302 exprimat.¹
1796 3213 1865 3279 Cic.
1885 3211 1934 3285 du

244 3335 339 3401 Orat.
354 3331 383 3395 1.
395 3351 422 3394 c.
436 3334 491 3398 28.
519 3328 567 3398 Ut
581 3330 618 3397 in
632 3351 697 3418 quo
712 3324 895 3418 quisque
908 3326 1063 3416 artifido
1079 3330 1265 3410 excelleret,
1287 3330 1317 3394 is
1332 3329 1370 3394 in
1383 3352 1578 3420 sucgerere
1588 3329 1735 3397 Roscius
1748 3324 1932 3399 diceretur·

240 3447 292 3515 Id.
305 3447 343 3513 in
356 3446 472 3513 Somn.
487 3445 577 3537 Scip.
591 3470 625 3514 c..
633 3449 664 3512 8.
686 3442 763 3512 Nec
783 3445 875 3512 enim
892 3457 931 3512 tu
944 3446 974 3512 is
990 3468 1044 3525 es,
1065 3468 1164 3534 quem
1169 3444 1297 3535 sermo
1310 3446 1379 3512 ista
1396 3445 1552 3515 declaret
1559 3492 1573 3525 ,
1593 3444 1654 3512 sed
1666 3433 1934 3520 nsem'euius«

245 3584 343 3653 que,
378 3562 408 3627 is
437 3571 486 3628 est
513 3562 663 3649 quisque.
705 3561 785 3627 Hoc
814 3562 959 3629 verbum
985 3582 1090 3646 quum
1117 3583 1251 3650 semper
1281 3575 1431 3631 coetera
1451 3563 1615 3629 sententia
1634 3561 1776 3648 intelligi
1798 3560 1935 3644 debeat,

242 3681 446 3770 plerumque
476 3699 567 3763 pone
584 3676 628 3771 id
658 3680 820 3759 verbum,
849 3677 891 3743 sd
920 3676 1011 3763 quod
1032 3699 1114 3765 prae
1135 3679 1254 3744 ceteris
1281 3680 1445 3767 pertinet,
1474 3679 1678 3758 collocaturc
1704 3676 1797 3764 quod
1814 3675 1873 3758 fir,
1901 3649 1941 3743 si‘
1991 3698 1995 3705 ·

245 3819 324 3863 cum
343 3791 512 3872 numeris,
532 3791 592 3876 qui
615 3792 782 3857 ordinales
804 3804 987 3874 vocantur,
1016 3805 1149 3860 et’cum
1170 3796 1378 3882 pronomine
1396 3795 1573 3884 reciproco
1594 3793 1827 3884 componitur,
1845 3814 1934 3864 nc.

125 3977 129 3986 ,
174 3960 182 3966 -
247 3900 318 3977 cic.
347 3932 411 3999 pro
437 3907 521 3976 Rab.
550 3930 580 3974 c·
605 3913 659 3974 12.
694 3907 842 3973 Tertio
871 3929 1036 3995 quoque
1063 3905 1165 3975 verbo
1195 3907 1419 3975 excitabatur.
1462 3910 1512 3979 ld.
1538 3912 1684 4001 Philipp.
1705 3910 1801 3977 VIll.
1823 3933 1850 3975 s.
1868 3907 1934 3977 fin.

256 4023 317 4092 Uti
345 4024 479 4092 desisse
500 4021 624 4088 bonore
644 4021 791 4125 primo
811 4044 975 4109 quoque
993 4022 1050 4089 die
1071 4022 1120 4087 nd
1139 4023 1304 4090 Senatum
1325 4023 1489 4115 referent.
1535 4025 1636 4092 Verr.
1656 4027 1686 4108 I,
1707 4029 1760 4090 27.
1786 4023 1860 4091 Pru
1886 4043 1953 4095 sc*

153 4136 156 4145 ⁴
249 4139 449 4234 quisque,
488 4150 527 4205 ut
559 4139 598 4204 in
624 4158 754 4226 quoque
781 4137 1001 4203 msctors‘tatis
1020 4138 1232 4225 pluriorem,
1261 4139 1310 4204 od
1323 4141 1495 4228 populum
1515 4139 1750 4228 loquebatun-
1776 4140 1831 4206 De
1848 4140 1939 4207 Nat.

43 4293 47 4301 ·
136 4304 139 4308 -
249 4259 357 4328 Deor.
377 4252 441 4333 lll,
465 4260 492 4317 1.
513 4252 599 4320 Cum
619 4276 692 4319 suo
712 4252 864 4340 cuique
887 4250 1014 4318 iudicio
1032 4255 1079 4321 sit
1098 4232 1268 4324 utenduni.
1311 4257 1403 4322 Raro
1425 4257 1515 4321 enim
1535 4256 1590 4338 fit,
1612 4269 1650 4323 ut
1669 4278 1943 4342 pronomenres

249 4373 425 4461 ciprocum
452 4359 694 4453 praeponatur,
717 4391 750 4433 v.
773 4390 802 4433 r.
825 4369 905 4471 cio,
917 4367 959 4433 de
972 4369 1082 4435 Amic.
1105 4393 1134 4436 c.
1153 4376 1203 4436 16.
1239 4370 1286 4436 Ut
1306 4371 1427 4458 quanti
1447 4370 1628 4459 quisque
1650 4392 1692 4434 se
1714 4372 1785 4459 ipse
1795 4368 1940 4471 sociat,

133 4502 144 4515 ‘
251 4477 493 4573 tantifiotab
515 4479 646 4549 omisis.
689 4481 780 4550 Hirt.
803 4482 846 4548 do
866 4481 963 4548 Bello
985 4480 1092 4550 Afric.
1113 4506 1142 4550 c.
1159 4488 1211 4554 31.
1232 4484 1373 4567 Edicit,
1402 4487 1457 4552 uti
1478 4487 1662 4574 quisque
1681 4485 1848 4566 suoloco
1862 4508 1941 4576 pu·
