4320 5414
222 367 283 466 ss

231 585 325 656 Veiis
347 581 541 652 incendium
562 593 675 652 ortum
690 582 757 663 sit,
785 579 937 648 Fidenas
955 579 1034 647 inde
1051 589 1115 646 aut
1136 575 1282 661 Gabios,
1305 576 1499 645 aliamue
1521 603 1644 669 quam
1666 583 1784 653 urbem
1803 598 1912 677 quae·

227 701 331 771 situri
350 725 483 785 sumus,
507 722 572 789 quo
588 698 879 790 transmigremus.
922 697 991 789 (Cf.
1008 696 1262 774 Drakenborch.
1276 694 1320 762 ad
1332 695 1411 762 Liv.
1428 695 1472 781 V,
1488 700 1539 780 13,
1554 697 1600 784 4.)
1893 772 1897 778 ¹

333 818 366 907 c)
390 817 573 907 Quispiam
593 829 627 884 et
647 814 828 905 quisquam
851 813 1093 913 epronomine
1113 811 1290 882 indefinito
1304 823 1338 880 et
1353 832 1459 902 quam
1473 824 1508 880 et
1515 812 1617 902 piam
1631 818 1801 904 particulis
1817 842 1916 887 com·

227 932 339 1026 posita
360 948 457 1016 sunt3
488 945 667 1020 utramque
691 943 806 1000 autem
826 931 1027 1022 particulam
1046 953 1115 1000 una
1136 955 1156 998 e
1178 929 1382 1022 pronomine
1396 927 1574 997 indefinito
1591 955 1662 998 esse
1678 931 1863 1019 derivatqm
1880 948 1918 1003 et

229 1050 369 1139 proprie
389 1049 530 1116 eandem
553 1048 678 1115 habere
699 1047 1000 1136 significationem,
1021 1050 1051 1132 §.
1064 1055 1095 1115 7.
1109 1054 1140 1131 2,
1154 1072 1183 1116 c.
1207 1058 1242 1115 et
1261 1049 1291 1132 ς.
1304 1048 1358 1113 22.
1380 1045 1649 1115 demonstratum
1671 1071 1741 1114 esse
1760 1050 1916 1132 arbitror,

226 1165 285 1233 Ad
300 1164 516 1232 indefinitum
536 1164 638 1252 igitur
658 1189 849 1254 pronomen
869 1167 1021 1247 accessit,
1043 1165 1093 1232 uti
1108 1188 1208 1253 saepe
1229 1163 1285 1247 fit,
1312 1163 1476 1252 particula
1489 1162 1671 1230 indefinita.
1718 1164 1832 1249 Quam
1852 1188 1919 1231 au·

230 1293 298 1345 tem
320 1292 354 1345 et
366 1281 471 1367 piam
486 1280 739 1348 contentionem
755 1283 923 1368 quandam
940 1293 972 1347 et
988 1292 1045 1349 aut
1064 1280 1166 1348 totius
1186 1278 1372 1346 sententiae
1393 1277 1565 1344 autetiam
1581 1277 1757 1365 singularis
1777 1281 1918 1348 alieuius

227 1394 377 1462 notionis
399 1395 495 1482 quasi
516 1395 809 1483 exaggerationem
833 1397 1002 1485 quandam
1022 1396 1209 1462 continent.
1253 1396 1371 1481 Itaque
1392 1393 1604 1481 pronominis
1616 1392 1786 1459 indefiniti
1802 1396 1920 1461 notio·

227 1533 308 1576 nem
330 1510 470 1578 dilatant
490 1512 588 1597 eique
613 1512 776 1579 maiorem
799 1513 868 1579 vim
893 1513 1020 1582 addunt
1028 1537 1039 1595 3
1068 1523 1217 1580 attamen
1241 1510 1327 1576 duae
1347 1508 1497 1593 formae,
1521 1531 1606 1594 quae
1621 1510 1760 1597 proprie
1777 1509 1917 1576 eeedem
1993 1568 1998 1575 .

228 1623 367 1693 fuerunt
386 1639 419 1693 et
440 1627 542 1717 plane
565 1625 656 1693 idem
678 1626 925 1714 significarunt,
945 1628 1120 1717 paullatim
1143 1647 1207 1691 usn
1222 1626 1405 1692 disiunctae
1419 1636 1497 1691 sunt
1511 1635 1545 1688 et
1555 1647 1616 1690 sua
1630 1627 1762 1712 utrique
1776 1625 1917 1714 propria

227 1740 279 1806 vis
299 1764 338 1807 ac
357 1753 504 1830 potestas
527 1743 700 1809 attributa.
744 1743 834 1809 Nam
856 1743 1031 1832 quispiam
1051 1742 1206 1831 inprimis
1225 1740 1262 1807 in
1282 1738 1585 1823 enuntiationibus,
1605 1760 1690 1826 quae
1714 1754 1825 1807 mente
1844 1740 1918 1807 fin-

226 1870 369 1942 guntur,
394 1868 456 1923 aut
474 1880 518 1922 ex
541 1857 605 1922 alia
624 1856 774 1944 pendent
789 1859 894 1924 animi
915 1858 1136 1944 cogitatione,
1158 1867 1358 1944 usurpatur,
1376 1853 1553 1939 additaque
1568 1855 1671 1942 piam
1690 1858 1817 1943 syllaba
1833 1879 1917 1922 seu-

200 1955 202 1958 *
227 1970 369 2038 tentiam
391 1972 433 2037 ad
455 1993 589 2053 omnes,
611 1971 654 2036 ed
674 1993 891 2059 quoacunque
912 1972 1036 2062 possit,
1066 1983 1215 2060 spectare
1238 1982 1272 2035 et
1292 1968 1430 2037 maioris
1453 1971 1569 2057 copiae
1591 1990 1630 2035 aa
1650 1971 1785 2035 numeri
1803 1971 1916 2036 ratio-

227 2108 307 2151 nem
327 2086 443 2173 haberi
465 2084 667 2151 declaratur.
712 2087 828 2174 Quare
846 2111 917 2153 non
942 2100 1034 2154 recte
1054 2108 1165 2172 neque
1189 2083 1411 2151 Heindorfius
1433 2084 1476 2151 ad
1500 2084 1636 2151 Horatii
1659 2085 1755 2151 satir.
1770 2087 1796 2170 Ι,
1814 2084 1845 2167 4,
1860 2086 1922 2179 3⁶2
1959 2132 1962 2136 -

226 2224 336 2289 nequa
357 2201 414 2289 qui
434 2224 511 2267 eum
531 2213 665 2268 secutus
688 2213 738 2267 est
758 2201 962 2270 Matthiaeus
983 2203 1024 2269 ad
1048 2202 1116 2268 Cic.
1141 2201 1202 2267 Or.
1221 2223 1285 2289 pro
1307 2201 1406 2266 Rosc.
1425 2198 1504 2267 Am.
1528 2201 1559 2284 §·
1579 2205 1630 2266 33.
1658 2202 1918 2290 contenderunt,
1997 2192 2001 2199 ¹

120 2353 127 2366 ι
227 2315 401 2402 quispiam
422 2315 512 2381 idem
535 2338 623 2400 esse,
645 2317 735 2403 quod
755 2318 891 2407 aliquis.
936 2320 1026 2384 Nam
1047 2317 1212 2384 eiCicero
1237 2313 1438 2382 Caecin.10.
1463 2308 1914 2404 Istrumgravim,'inquit,

131 2470 137 2481 ·
175 2482 178 2487 .
228 2430 265 2495 in
291 2430 533 2518 quempiam
558 2431 630 2496 diei
651 2443 783 2518 potest,
815 2455 919 2522 quom
944 2433 993 2496 ad
1015 2432 1185 2498 homiuem
1207 2429 1516 2510 condemnandum,
1547 2453 1645 2519 quem
1663 2455 1838 2520 nunquam
1856 2435 1916 2500 vi-

225 2543 349 2623 disset.
371 2567 475 2639 neque
493 2544 667 2626 audisset,
695 2545 883 2614 adductum
899 2547 1015 2635 pretio
1037 2549 1130 2612 esse?
1163 2546 1262 2613 facile
1282 2560 1441 2634 apparet,
1471 2544 1628 2634 aliquem
1642 2545 1671 2610 si
1692 2546 1756 2611 isto
1779 2547 1816 2613 in
1837 2547 1915 2614 loco
1959 2554 1970 2561 '

224 2662 379 2747 dixisset,
410 2672 542 2727 certum
567 2663 735 2749 quendam
766 2644 1023 2751 intelligendum
1054 2661 1176 2745 fuisse,
1215 2684 1319 2750 quum
1346 2661 1545 2749 quempiam
1574 2683 1619 2728 ex
1644 2673 1716 2728 toto
1736 2663 1917 2732 hominum
1999 2747 2003 2761 Ι

224 2797 387 2861 numero,
414 2775 473 2861 qui
490 2798 632 2864 maguus
655 2801 724 2845 esse
742 2794 870 2870 potest,
898 2777 1102 2866 singularem
1123 2779 1278 2864 quidem,
1299 2778 1357 2843 sed
1375 2799 1609 2864 quemcunque
1621 2776 1793 2864 significet.
1836 2780 1917 2844 Ne-

224 2910 289 2977 que
304 2892 355 2974 id,
379 2891 469 2981 quod
488 2893 611 2960 volunt
631 2893 705 2977 isti,
736 2871 812 2962 loco
835 2893 1038 2962 eCioercnis
1058 2893 1147 2959 libro
1170 2893 1212 2960 de
1235 2883 1332 2960 Orat.
1356 2893 1403 2959 11.
1425 2916 1454 2958 c.
1477 2895 1508 2958 9.
1530 2891 1637 2981 petito
1667 2889 1819 2959 allicitur.
1861 2894 1917 2962 lbi

228 3005 319 3069 enim
342 3006 506 3094 scriptum
533 3020 601 3072 est:
636 3009 676 3074 Si
703 3007 744 3075 de
766 3007 863 3076 rebus
884 3009 1020 3077 mesticis
1038 3008 1195 3096 agricola
1221 3008 1444 3096 quispiam
1466 3017 1529 3072 aut
1551 3005 1592 3070 de
1605 3006 1781 3094 pingendo
1795 3009 1926 3095 pictor

228 3117 398 3207 aliquis
428 3119 553 3188 diserte
581 3121 708 3200 dicerit
732 3127 797 3193 'aut
822 3125 1013 3214 scripserim
1043 3112 1113 3188 nori
1133 3120 1259 3189 ideireo
1282 3124 1370 3191 artis
1393 3123 1488 3189 iilius
1503 3119 1662 3210 putanda
1684 3132 1732 3188 est
1753 3121 1919 3211 eloquere·
1952 3136 1958 3151 '
2020 3166 2024 3179 ·

227 3234 289 3299 tio'.
324 3234 568 3324 >Agricolarum
599 3239 690 3305 enim
719 3252 814 3308 tenta
840 3238 905 3306 fuit
926 3239 1124 3321 multitudo,
1160 3252 1199 3305 ut
1221 3263 1266 3306 ex
1294 3240 1345 3305 his
1377 3239 1476 3306 multi
1504 3258 1574 3303 esse
1603 3214 1757 3325 possent,
1785 3238 1843 3324 qui
1871 3240 1920 3307 de

227 3351 327 3415 rebus
351 3352 483 3419 rusticis
506 3353 630 3420 diserte
649 3354 801 3425 dicerent
827 3369 885 3425 aut
905 3357 1112 3446 scriberent3
1143 3355 1314 3446 pictorum
1336 3366 1471 3436 contre,
1498 3353 1619 3419 sicum
1643 3350 1796 3438 agricolis
1817 3376 1921 3421 corn·

228 3481 409 3553 parantur,
431 3480 465 3534 et
484 3470 613 3537 Romae
635 3481 670 3537 et
691 3469 802 3539 ubivis
825 3483 894 3539 tam
916 3472 1056 3560 exiguus
1078 3482 1152 3537 erat
1172 3493 1352 3556 numerus,
1375 3484 1413 3537 ut
1434 3486 1574 3550 eorum,
1594 3467 1654 3553 qui
1677 3466 1718 3531 de
1742 3465 1916 3553 pingendo

164 3641 171 3649 .
230 3580 354 3648 diserte
378 3583 488 3651 dicere
516 3598 667 3676 possent,
698 3586 806 3652 multo
835 3588 957 3653 certior
985 3597 1021 3652 et
1048 3587 1253 3653 luculentior
1283 3586 1378 3652 notio
1406 3577 1564 3652 Ciceroni
1592 3582 1763 3649 obversari
1786 3598 1923 3671 posset.

228 3697 352 3784 Neque
375 3698 574 3789 Grysarium
595 3701 800 3769 audiendum
822 3725 891 3770 esse
912 3701 1075 3786 arbitror,
1106 3702 1222 3788 quiin
1245 3702 1337 3767 libro
1355 3701 1487 3789 egregio
1509 3722 1612 3790 supra
1636 3696 1769 3764 laudato
1789 3706 1920 3786 ploti.

233 3813 403 3902 quispiam
428 3839 471 3882 ex
494 3818 722 3908 aliquispiam
747 3831 956 3913 contractum
985 3831 1019 3884 et
1047 3832 1243 3908 correptum
1266 3840 1336 3884 esse
1357 3827 1471 3906 putat,
1501 3826 1536 3883 et
1562 3817 1649 3882 hanc
1671 3813 1815 3879 formam
1839 3815 1922 3900 ple-

233 3946 312 4002 nam
339 3941 372 3996 et
391 3931 595 4020 absolutam,
623 3935 779 4003 illumin
808 3934 943 4002 brevius
972 3944 1181 4000 contractam
1212 3944 1246 4000 et
1273 3933 1463 4000 mutilatam
1495 3945 1603 3999 vocat.
1646 3932 1736 4001 Nam
1761 3929 1919 4015 primum

234 4038 464 4132 aliquispiom·
482 4048 592 4116 multo
623 4062 672 4118 est
697 4054 824 4136 renus,
854 4048 976 4117 deinde
998 4072 1083 4138 quae
1104 4049 1293 4118 differentia
1311 4048 1350 4115 in
1372 4049 1424 4115 his
1445 4047 1557 4115 verbis
1577 4047 1637 4129 sit,
1666 4043 1763 4112 facile
1781 4032 1924 4131 perspi·

234 4156 329 4223 citur.
374 4160 433 4224 Est
454 4165 545 4230 enim
562 4160 698 4250 eadem,
722 4190 807 4256 quas
829 4167 918 4234 inter
939 4164 1068 4255 aliquis
1090 4178 1126 4233 et
1148 4165 1224 4255 quis
1245 4154 1349 4233 serbe
1367 4164 1556 4232 intercedit.
1601 4164 1671 4232 eie.
1691 4163 1789 4228 Tusc.
1802 4159 1869 4240 lll,
1888 4164 1924 4230 9.

191 4274 196 4285 '
235 4270 335 4340 Num
359 4297 481 4340 manus
508 4278 639 4367 effecta
660 4293 749 4349 recte
773 4294 841 4363 est,
871 4306 948 4349 cum
972 4282 1009 4348 in
1031 4260 1163 4348 tumore
1190 4283 1264 4347 est?
1283 4291 1356 4348 'aut
1375 4303 1458 4348 num
1479 4264 1788 4370 aliquodpiam
1809 4294 1932 4343 mem·'

236 4389 335 4458 hrum
357 4387 528 4458 tumidum
549 4415 591 4456 ac
611 4397 787 4484 turgidum
809 4418 874 4464 non
895 4399 1015 4466 vitiose
1035 4421 1071 4464 ee
1091 4395 1214 4463 babes?
1250 4399 1341 4465 Nam
1364 4395 1549 4485 quodpiam
1570 4395 1724 4461 omnium
1745 4386 1932 4461 membro-⁶⁶

236 4514 312 4574 rirm
334 4509 501 4576 rationem
517 4508 634 4596 habet,
664 4508 717 4574 ali
736 4511 878 4595 indicat,
899 4537 943 4583 ex
963 4514 1016 4583 his
1036 4535 1144 4582 unum
1164 4511 1300 4602 aliquod
1319 4535 1339 4582 a
1358 4512 1477 4580 ceteris
1496 4510 1545 4581 ite
1558 4511 1673 4580 animo
1686 4507 1855 4602 separari,
1886 4522 1929 4579 ct
