4320 5414
1699 339 1752 443 ss

75 556 265 636 quenquam
286 549 407 611 verum
430 555 495 627 est,
518 563 626 629 neque
646 562 726 628 ego,
749 542 954 629 quomodoo
977 542 1140 615 insertum
1155 542 1339 632 explicem,
1364 541 1489 626 habeo,
1515 551 1628 611 tamen
1642 543 1684 610 de
1697 543 1756 610 illa

75 663 206 751 origine
232 661 316 728 nihil
335 659 471 727 videtur
494 638 716 741 dubitationis¹
735 658 893 746 relinqui.
936 658 1065 725 Eodem
1094 661 1184 725 cuim
1207 659 1309 725 medo
1330 682 1349 725 e
1368 662 1476 743 τόσος,
1502 668 1602 744 τοῖος,
1627 664 1756 742 τηλίκος,

74 777 185 846 affixo
205 779 260 855 τός
277 773 496 868 pronomine,
523 757 686 854 τοσοῦτος,
710 782 866 857 τοιοῦτος,
887 782 1060 857 τηλικοῦτος
1084 787 1158 844 orta
1177 789 1265 843 sunt
1311 775 1422 843 Etiam
1446 778 1482 843 in
1499 775 1664 844 adverbiis
1679 775 1757 862 qui-
1849 796 1856 805 “

56 875 235 979 busdam,
262 876 388 980 qnae'e
409 887 668 979 pronominibus
688 884 777 955 facta
801 901 900 976 sunt,
925 892 954 957 si
975 891 1111 958 eaedem
1134 893 1281 981 syllabae
1302 905 1521 980 repetuntur,
1544 893 1687 958 alittera
1700 892 1757 957 in·

72 1010 205 1078 seritur.
249 990 341 1074 Nam
365 1027 408 1072 ex
431 1002 521 1072 isba
534 1014 566 1070 et
580 1001 693 1084 trae,
714 1009 762 1071 θα
777 1016 810 1071 et
822 1011 882 1073 θεν
896 1007 1032 1094 syllabis
1048 1007 1239 1098 duplicatis,
1259 1007 1406 1075 tractae
1420 1019 1454 1074 et
1467 998 1620 1076 ἔνθεῦθὲν
1636 1007 1769 1074 orium·
1867 1039 1871 1051 ·

13 1170 19 1177 ι
72 1136 150 1210 tur,
178 1123 277 1211 'qnod
305 1123 404 1188 Iones
431 1120 569 1188 ἐνθαῦτα
596 1130 632 1187 et
650 1119 810 1204 ἐνθεῦτεν,
838 1122 948 1189 Attici
970 1124 1128 1204 ἐνταῦθα,
1160 1123 1304 1191 ἐντεῦθεν
1325 1103 1570 1214 pronuntiant-⁵
1604 1121 1714 1208 Atque
1737 1145 1755 1186 e

69 1247 170 1328 τῆμος
182 1240 224 1307 fit
236 1245 397 1324 τημοῦτος,
417 1235 507 1323 quod
521 1235 612 1326 apud
628 1235 815 1302 Hesiodum
829 1248 932 1322 extat,
954 1237 1043 1326 Ἐργ.
1057 1241 1145 1323 678,
1168 1251 1201 1307 et
1214 1261 1233 1306 e
1245 1244 1366 1323 τηνίκα,
1387 1247 1557 1322 τηνικαῦτα.
1588 1239 1710 1323 Neque
1725 1236 1755 1299 si

41 1356 116 1424 '‘ad
131 1354 372 1453 pronominum
395 1352 466 1419 vim
489 1351 675 1439 aagendam
697 1352 813 1419 eadem
833 1375 905 1420 vox
924 1356 1107 1443 repetitur,
1133 1329 1221 1421 illud
1239 1369 1351 1447 potest
1372 1355 1560 1424 offendere.
1604 1352 1690 1438 Quia
1705 1362 1756 1416 eat

72 1473 185 1556 enim,·
202 1471 257 1538 cui
274 1492 345 1537 non
364 1469 402 1536 in
415 1480 562 1536 mentem
578 1466 718 1534 veniant
733 1467 878 1537 lutei-‘isa
892 1481 925 1536 et
939 1471 1093 1556 ἐνταῦθα,
1122 1493 1208 1558 quae
1220 1473 1322 1540 modo
1337 1468 1697 1548 commemoravimus,
1720 1464 1758 1529 in

71 1588 193 1675 quibus
209 1592 270 1654 θεν
289 1595 322 1653 et
335 1593 383 1653 θα
405 1585 552 1674 syllabae
572 1583 733 1673 repetitae
747 1585 850 1651 sunt?
878 1585 949 1671 Qui
968 1609 1039 1652 non
1054 1589 1249 1655 meminerit
1263 1590 1443 1656 verborum
1458 1588 1628 1677 quisquis,
1651 1604 1757 1649 emam

71 1700 137 1794 pro
152 1701 319 1784 eundem,
341 1698 402 1786 (cf.
416 1702 445 1782 §.
461 1699 509 1783 5.)
529 1721 618 1791 sese,
640 1711 674 1765 et
695 1709 783 1782 tute,
814 1701 902 1786 quod
925 1724 987 1787 pro
1002 1713 1078 1768 tutu
1093 1703 1217 1768 dictum
1231 1704 1367 1769 videtur
1384 1704 1479 1770 esse?
1504 1703 1629 1767 Denuo
1644 1711 1758 1764 autem

70 1817 126 1887 tta
148 1829 183 1883 et
204 1809 294 1892 οὗτος
315 1813 557 1904 pronominum
578 1814 648 1897 vis,
675 1813 833 1900 asyllaba
853 1815 890 1880 in
910 1812 964 1882 ὁδί
981 1829 1015 1882 et
1037 1815 1146 1884 οὖτοσί
1157 1818 1324 1907 apposita,
1346 1831 1441 1884 aucta
1458 1815 1678 1884 accumulata
1694 1823 1756 1894 est,

73 1953 185 2021 neque
206 1942 322 1997 tamen
343 1928 433 2019 apud
455 1928 649 1996 Homerum
669 1946 779 2013 neque
799 1928 888 2014 apud
903 1930 1118 1998 Herodotum
1143 1955 1201 1999 ese
1223 1932 1372 2017 formae,
1393 1934 1450 1999 aed
1466 1933 1546 1999 iude
1563 1944 1697 1999 tantum
1715 1931 1755 1996 ab

71 2036 266 2118 Atticorum
288 2044 491 2136 scriptorum
509 2040 618 2111 aelate
637 2041 871 2130 reperiuntur3
894 2044 1143 2132 magiciautem
1167 2048 1285 2136 po‘e‘tee
1305 2052 1347 2116 ab
1369 2048 1410 2114 iis
1432 2071 1501 2115 sese
1514 2048 1756 2116 abstinuerunt.

71 2163 258 2251 Quomodo
277 2174 392 2229 antem
412 2146 457 2231 sit
476 2160 677 2251 explicanda
697 2155 757 2224 illa
776 2157 922 2247 syllaba,
942 2163 1009 2228 boc
1025 2175 1270 2231 commentator
1292 2164 1427 2251 quidam
1443 2165 1600 2252 Dionysii
1614 2160 1755 2230 Thracis

71 2279 153 2353 scite
167 2279 323 2369 exposuit
337 2276 528 2347 inBeklseri
540 2274 672 2343 Anccd·
687 2296 720 2362 p.
734 2276 810 2356 916,
827 2280 890 2362 11,
913 2278 971 2366 qni
986 2279 1103 2345 tertiae
1116 2284 1279 2368 personae
1292 2303 1482 2370 pronomen
1498 2309 1522 2364 ι,
1542 2281 1583 2347 de
1599 2303 1665 2367 quo
1679 2281 1714 2360 §.⁴
1724 2276 1755 2340 5.

72 2397 219 2486 egimus,
249 2416 417 2484 nusquam
443 2393 510 2460 nisi
534 2392 573 2459 in
591 2390 716 2472 οὖτοσί,
747 2391 883 2460 ἐκεινοσί
906 2393 1049 2480 reperiri
1068 2409 1320 2465 commemorat.
1364 2397 1468 2483 ldqne
1488 2409 1526 2463 ut
1545 2418 1664 2463 verum
1687 2414 1756 2460 esse
1874 2386 1877 2390 ’

18 2575 28 2582 .
72 2513 268 2593 credamus,
295 2511 429 2594 linguae
444 2506 624 2571 sanseritae
637 2502 743 2569 efficit
761 2504 948 2573 auctoritas·
992 2505 1149 2590 Namque
1163 2505 1199 2570 in
1211 2507 1423 2592 Rig-Vedae
1438 2509 1639 2594 specimine,
1661 2507 1757 2573 cuius

71 2634 103 2715 §.
120 2628 150 2694 6.
172 2625 301 2692 mentio
321 2634 371 2688 est
389 2617 494 2700 facta,
521 2598 723 2705 compluries
745 2616 913 2713 iclhquod
927 2618 1137 2705 pronominis
1157 2620 1273 2686 tertiae
1287 2643 1450 2710 personae
1465 2634 1619 2707 neutrum
1635 2633 1684 2688 est
1697 2644 1757 2708 ge·

70 2762 157 2828 nus,
179 2725 269 2831 pone
287 2757 477 2828 pronomen
496 2729 820 2814 demonstrativum,
843 2752 910 2818 quo
931 2733 984 2801 vis
1004 2734 1075 2799 eius
1088 2733 1282 2802 intendatur
1295 2750 1394 2825 atque
1409 2750 1585 2826 augeatur,
1608 2738 1756 2805 colloca·

71 2876 144 2930 tur.
185 2858 301 2944 Quare
313 2853 406 2920 idem
422 2851 460 2918 in
472 2849 588 2937 lingua
602 2870 718 2936 gruem
732 2847 859 2916 factum
873 2840 943 2919 esse
957 2830 1115 2918 credibile
1129 2861 1189 2918 est.
1227 2851 1305 2920 'Ode
1318 2864 1430 2920 antem
1449 2868 1483 2923 et
1496 2849 1586 2934 οὗτος
1601 2830 1645 2921 its
1659 2852 1757 2923 dilie-
1831 2855 1834 2861 ⁴

73 2987 176 3060 runt,
206 2984 250 3039 ut.
264 2970 316 3039 ὅδε
339 2989 414 3035 rem
437 2977 668 3056 praesentem,
697 2963 863 3052 adquam
887 2965 1085 3034 intuendam
1107 2969 1194 3035 oculi
1219 2983 1253 3036 et
1275 2964 1370 3037 mens
1394 2966 1593 3056 advocatur,
1622 2970 1755 3055 indicet,

73 3087 256 3170 attestare
275 3083 415 3153 eandem
435 3093 632 3172 potestatem
646 3082 784 3164 babeat,
806 3091 940 3149 tantum
952 3084 1102 3172 simplice
1115 3085 1320 3174 pronomine
1335 3089 1602 3179 demonstrativo
1621 3086 1671 3156 bis
1689 3108 1757 3176 po·

71 3212 150 3279 sito.
200 3203 267 3272 Sed
293 3223 400 3289 quum
427 3199 580 3265 locorum
601 3194 709 3266 multa
729 3196 798 3265 siut
818 3197 1012 3285 intervalla,
1041 3201 1213 3292 multaque
1230 3204 1356 3294 spatia,
1390 3206 1427 3271 iu
1448 3204 1613 3294 plerisque
1632 3201 1756 3287 linguis

71 3328 174 3419 plura
194 3317 409 3419 reperiuntur
429 3313 654 3404 pronomina,
682 3312 803 3400 quibus
823 3316 1008 3384 accuratius
1026 3316 1210 3402 indicatur,
1237 3342 1304 3408 quo
1325 3322 1362 3388 in
1383 3323 1458 3388 loco
1479 3346 1532 3389 res
1549 3320 1660 3407 aliqua
1673 3338 1756 3382 ver·

72 3447 326 3531 setur,⁴utrum
348 3455 388 3501 ea
407 3431 560 3519 loquenti
579 3427 722 3521 propior
741 3430 801 3515 sit,
830 3432 938 3500 anab
964 3454 1005 3498 eo
1024 3434 1197 3500 remotior.
1238 3435 1319 3502 -Hoc
1342 3438 1476 3525 quidem
1498 3447 1598 3527 pacto
1619 3436 1657 3501 in
1676 3435 1752 3500 loco

73 3553 282 3644 daignando
297 3550 424 3642 duplex
444 3546 553 3615 oritur
570 3546 667 3614 ratio.
711 3545 827 3631 Atque
846 3546 936 3636 apud
955 3548 1102 3616 Graecos
1116 3549 1253 3637 quidem
1268 3553 1380 3619 locum
1394 3555 1542 3640 loquenti
1557 3551 1752 3642 proximum

74 3675 128 3744 ὅδε
142 3684 175 3738 et
188 3664 278 3744 οὗτος
293 3665 490 3761 significant.
532 3662 650 3751 Itaque
665 3661 722 3747 fit,
742 3672 780 3728 nt
792 3673 974 3752 utrumque
986 3687 1175 3753 pronomen
1191 3689 1430 3754 saepenumero
1446 3672 1487 3736 ed
1511 3671 1656 3759 primam
1670 3687 1753 3755 per·

72 3811 194 3860 sonam
212 3780 381 3850 referatur
401 3792 500 3866 atque
519 3779 604 3846 adeo
625 3777 770 3868 primam
791 3801 970 3868 personam
995 3782 1103 3870 ipsam
1117 3779 1296 3869 significet,
1319 3784 1353 3850 id
1374 3784 1463 3872 qnod
1484 3785 1633 3852 maxime
1651 3777 1751 3845 iulide
1829 3765 1856 3789 ”

71 3923 266 4002 pronomen
281 3895 380 3965 cadit.
400 3896 454 3963 D'e
466 3895 532 3965 hoc
543 3916 607 3962 usu
618 3894 742 3962 horum
754 3896 994 3984 pronominum
1011 3918 1114 3984 quum
1122 3892 1320 3967 Sebeelerus
1334 3899 1372 3967 in
1384 3898 1617 3981 Meletematis,
1639 3919 1673 3986 p.
1685 3900 1750 3978 77„

75 4038 110 4096 et
124 4015 302 4092 Elmsleius
322 4011 364 4081 ad
378 4011 514 4080 Heracl.
536 4009 872 4092 81.,etManhiasus
893 4012 1046 4081 Gramm.
1067 4037 1115 4101 gr.
1139 4017 1168 4097 §.
1180 4015 1254 4083 470.
1276 4016 1390 4085 multis
1410 4027 1654 4107 exposuerunt,
1676 4024 1751 4078 tum

74 4141 220 4212 eundem
240 4130 352 4200 multis
370 4127 569 4196 testimoniis
588 4125 822 4217 comprobavit
840 4129 1093 4225 etmultimodis
1108 4130 1292 4199 illustravit
1304 4132 1543 4222 Bernhardyns
1556 4132 1592 4198 in
1611 4151 1748 4218 graecae

70 4259 207 4343 linguas
220 4245 383 4338 Syntaxi,
404 4267 438 4335 p.
453 4245 527 4311 278.
537 4261 607 4330 sqq.
645 4243 835 4325 Errantem,
856 4263 941 4330 quae
954 4267 974 4310 a
989 4244 1145 4330 loquente
1157 4258 1237 4314 sunt
1248 4260 1398 4332 remota,
1419 4249 1516 4336 eique
1528 4247 1622 4338 qnasi
1637 4267 1747 4334 oppo-

72 4377 156 4450 sita,
173 4388 236 4456 per
250 4366 364 4439 ἐκεῖνος
384 4358 612 4429 enuntiantur.
654 4357 768 4446 Atque
791 4359 961 4447 quomodo
975 4354 1064 4436 οὗτος
1078 4359 1188 4444 adid,
1209 4363 1297 4449 quod
1312 4364 1414 4431 modo
1428 4363 1613 4453 praecedit,
1633 4362 1748 4434 ἐκεῖνος

71 4487 117 4565 μᾶ
139 4485 301 4563 alterum,
326 4475 415 4566 quod
438 4486 489 4544 est
505 4473 687 4562 remotius,
715 4472 905 4562 reseratur,
925 4475 960 4543 id
983 4475 1095 4545 multis
1115 4487 1225 4566 potest
1244 4462 1456 4570 comprobari
1477 4475 1652 4566 exemplis.
1697 4474 1748 4543 Cf.
