4320 5414
513 222 631 323 N

1891 416 1941 494 87

233 650 236 655 ·
268 682 270 686 Α
351 619 385 698 2)
403 610 645 693 Nominativns
668 610 821 701 neutrius
842 609 979 714 generis
1001 611 1038 677 in
1059 610 1221 699 singulari
1243 634 1386 681 numero
1411 613 1469 704 qui
1491 610 1645 685 fueritin
1661 614 1939 709 pronominibus,'

247 735 389 806 nonest
408 727 548 798 difficile
573 726 676 795 dictu.
716 726 812 794 Nam
830 727 868 794 in
887 725 1080 793 Gothorum
1103 727 1218 815 lingua
1239 728 1484 797 adieetivorum
1505 732 1736 803 nominativus
1755 735 1791 800 in
1813 746 1936 800 neutro

113 827 119 837 ’
237 833 367 936 'genero
376 841 626 937 plerumque‘in
644 851 706 908 ata
722 845 803 928 exit
827 866 862 910 v.
876 865 904 909 o.
928 839 1142 924 blind-ata,
1166 865 1315 924 caecam,
1337 860 1372 913 et
1385 850 1629 935 pronominum
1647 851 1684 917 in
1699 863 1753 930 ta,
1774 873 1808 916 r.
1825 874 1854 915 c.
1870 851 1933 928 ita,

198 1034 200 1039 ‚
249 962 344 1042 aira,
374 959 483 1028 thata.
536 958 634 1046 Quae
663 957 798 1045 quidem
828 957 982 1026 neutrius
1008 959 1140 1052 generis
1164 961 1354 1028 terminatio
1378 972 1532 1053 tempore
1551 959 1789 1053 progrediente
1808 967 1933 1032 sensim

243 1076 358 1143 attrita
376 1087 425 1141 est
447 1086 479 1140 et
497 1085 556 1141 aut
577 1076 613 1140 in
634 1099 666 1154 z,
689 1098 721 1141 v.
743 1098 772 1141 c.
794 1076 830 1141 in
846 1075 1001 1171 plintae,
1033 1076 1082 1154 iz,
1104 1074 1182 1156 tiz,
1204 1077 1289 1158 daz,
1315 1075 1424 1158 aasz,
1445 1094 1525 1156 s'aa,
1549 1090 1607 1145 aut
1628 1061 1705 1159 inti
1726 1103 1760 1145 v.
1776 1082 1852 1146 cin
1867 1080 1933 1157 tit,
1978 1110 1980 1115 v

244 1191 341 1270 stat,
363 1191 468 1271 insat,
492 1201 673 1265 eontracta.
717 1173 855 1259 Eadem
865 1190 977 1256 forma
1000 1202 1032 1255 et
1051 1191 1087 1255 in
1109 1191 1229 1259 indicis
1247 1205 1279 1259 et
1302 1195 1339 1260 in
1357 1194 1466 1261 latinis
1479 1182 1736 1282 pronominibus
1744 1196 1816 1284 jad
1830 1181 1931 1284 qaod,

243 1306 306 1375 tad
323 1292 383 1386 ἑά,Ι
408 1305 513 1372 aetad
531 1304 639 1386 illud,
667 1305 735 1372 tad
757 1307 844 1395 qrsid
860 1321 921 1375 etc.
944 1293 1124 1398 reperitur.
1168 1308 1332 1376 Attamen
1353 1321 1391 1376 ta
1410 1331 1545 1396 quoque
1566 1306 1716 1392 formae,
1738 1335 1824 1398 quae
1839 1311 1929 1377 onn-

242 1424 341 1509 quior
363 1422 497 1489 videtur
518 1421 637 1508 fuisse,
665 1422 756 1512 apud
776 1423 948 1524 Romanos
976 1405 1014 1489 in‘
1031 1424 1082 1489 ita
1103 1436 1137 1489 et
1160 1437 1221 1491 uta
1242 1437 1423 1514 supersunt
1443 1423 1602 1514 vestigia,
1626 1445 1771 1512 quonum
1786 1428 1929 1493 alterum
1988 1421 1990 1425 ’
2067 1406 2087 1501 Ι,

143 1517 160 1540 “
242 1541 318 1605 satis
341 1563 404 1609 usu
426 1551 476 1606 est
504 1539 623 1607 tritum
652 1551 856 1626 notumque,
886 1539 1027 1605 alterum
1054 1539 1089 1601 in
1112 1537 1226 1604 aliato
1242 1541 1436 1631 'composito
1459 1552 1550 1607 extat
1570 1544 1688 1609 verbo.
1747 1540 1816 1611 Uta
1840 1542 1931 1625 enim

241 1677 305 1743 pro
328 1667 408 1722 outa
433 1652 579 1735 dictum3
602 1653 657 1744 (cf.
680 1659 708 1737 §.
725 1653 790 1740 15.)
813 1664 845 1720 et
865 1655 962 1720 sicuti
986 1676 1029 1719 ex
1048 1649 1107 1718 ott
1126 1665 1159 1718 et
1183 1653 1273 1721 unde
1292 1655 1485 1744 praeposito
1508 1656 1577 1720 alis
1591 1657 1792 1744 pronomine
1808 1655 1930 1732 aliubi,

243 1770 405 1836 aliunde:
432 1773 480 1837 ita
502 1794 546 1837 ex
569 1782 631 1837 uta
651 1770 779 1837 factum
803 1782 851 1835 est
871 1768 1011 1836 aliata.'
1042 1768 1146 1833 Cuius
1170 1768 1344 1852 vocabuli,
1368 1770 1458 1855 quod
1479 1793 1585 1858 aequo
1601 1784 1699 1860 atque
1712 1772 1764 1836 ita
1778 1770 1931 1864 adverbii
2048 1821 2053 1831 ,

240 1886 515 1972 significationem
525 1886 668 1980 'accepit
690 1885 915 1952 veterrimum
928 1883 1158 1950 testimonium
1176 1896 1226 1948 est
1240 1885 1328 1972 apud
1343 1872 1499 1967 Festum,
1521 1888 1579 1974 qui
1593 1887 1630 1952 in
1643 1887 1820 1975 Excerptis
1831 1885 1934 1951 Pauli

240 2001 338 2068 Diac.
358 2026 389 2091 p.
413 2001 442 2067 6.
470 2003 553 2069 haec
576 2002 694 2068 habers
723 1998 802 2066 Ati
809 2011 883 2065 uta
914 2001 1054 2087 antiqui
1078 1995 1240 2067 dicebant
1259 2020 1327 2086 pro
1357 1999 1495 2065 aliter
1519 2023 1559 2067 ex
1582 2000 1713 2068 Graeco
1742 2000 1785 2067 iet
1800 1996 1929 2071 illotas

242 2114 492 2219 transferentes
536 2116 631 2184 Hinc
650 2127 700 2184 est
723 2115 766 2181 ill
765 2114 848 2181 ud
835 2138 871 2180 sn
893 2112 1024 2204 legibus
1046 2111 1189 2179 Numae
1207 2114 1399 2202 Pompilii.
1427 2115 1466 2180 δι’
1488 2116 1669 2204 quisquam
1690 2116 1803 2182 aliato
1816 2113 1927 2202 faxit,

209 2301 211 2304 ,
241 2230 331 2318 ipsos
355 2232 448 2299 Iovis
476 2256 573 2300 sacer
598 2245 680 2300 esto.
724 2233 803 2297 ln'
789 2253 859 2318 rpse
881 2241 992 2296 autem
1016 2251 1101 2295 voce
1121 2229 1267 2320 Romani
1290 2231 1464 2319 vulgarem
1485 2208 1732 2299 adiectivorum
1755 2231 1928 2353 declinan-

241 2346 362 2415 dorum
382 2350 549 2416 rationem
570 2350 675 2417 secuti
699 2350 813 2437 ipsam
837 2345 1085 2415 formaverunt
1927 2438 1932 2472 ¹

345 2498 382 2573 s)
404 2479 527 2561 Graeci
549 2517 659 2580 neque
681 2507 718 2557 ta
735 2511 845 2576 neque
870 2499 885 2554 t
905 2488 1113 2567 habuerunt,
1137 2504 1283 2570 quorum
1303 2486 1444 2579 alterum
1467 2488 1707 2573 antiquissimis
1722 2491 1928 2579 temporibus
1984 2579 1986 2583 ι

199 2665 202 2673 ,
240 2605 447 2674 intercidisse
469 2605 675 2673 credendum
695 2617 764 2690 est,
787 2582 934 2671 alterum
955 2601 1046 2670 ferre
1067 2601 1117 2665 illi
1139 2623 1208 2665 non
1230 2613 1433 2689 potuerunt,
1457 2600 1581 2688 qnippe
1603 2602 1693 2690 apud
1717 2624 1799 2688 quos
1821 2605 1927 2670 verba

239 2722 368 2789 nonin
390 2721 489 2805 alias,
516 2720 582 2788 nisi
602 2719 640 2785 in
661 2745 698 2807 p,
725 2747 763 2800 o,
791 2749 810 2788 s
837 2719 968 2793 litteras
993 2718 1159 2784 exierunt.
1212 2716 1330 2800 Itaque
1359 2715 1505 2781 tlittera
1527 2713 1650 2785 omissa
1677 2723 1728 2800 τί,
1755 2713 1807 2800 τό,
1833 2724 1925 2799 saiso,

240 2834 329 2918 sitii,
357 2833 435 2908 αὐτό
462 2840 633 2906 dixerunt.
675 2837 741 2903 Sed
771 2822 930 2938 quoniam
955 2848 1066 2902 cetera
1091 2833 1255 2900 secundae
1279 2831 1508 2900 declinationis
1532 2837 1671 2903 nomina
1690 2865 1727 2906 os
1748 2837 1928 2918 habebant,

186 2930 189 2935 Ι
238 2958 365 3024 factum
386 2971 464 3040 est,
488 2969 526 3023 ut
553 2953 648 3021 haec
642 2975 796 3041 quoque
823 2952 930 3018 verba
958 2951 1000 3016 ad
1028 2972 1243 3015 communem
1276 2971 1432 3016 normam
1461 2972 1622 3020 revocare
1646 2966 1747 3042 atque
1776 2950 1925 3019 l'ormars
2005 2981 2009 2987 ’

239 3074 388 3173 vellent.
420 3074 539 3158 ltaque
568 3065 894 3158 quemadmodum
881 3090 919 3134 ιιι
947 3066 1185 3132 Romanorum
1213 3064 1371 3150 lingua
1357 3087 1469 3151 ipsam
1493 3056 1707 3137 factumest·
1738 3069 1926 3137 itaGraeoi

133 3201 134 3204 ’
237 3191 274 3256 in
295 3182 423 3268 ταύτόν,
453 3187 604 3254 τοιοῦτον
619 3195 654 3249 et
677 3183 837 3263 τοιοῦτος,
866 3181 986 3270 quibus
1007 3204 1071 3269 pro
1092 3172 1208 3259 ταύτό,
1228 3180 1377 3259 τοσοῦτο,
1406 3182 1530 3248 τοιοῦτο
1550 3204 1628 3246 cum
1652 3182 1708 3247 alii
1731 3186 1924 3274 scriptores,

235 3316 309 3371 tum
329 3303 485 3394 inprimis
507 3300 626 3390 po'e'tae
649 3300 766 3390 tragici
785 3300 837 3367 usi
858 3310 958 3380 sunt,
982 3297 1227 3366 adiectivorurn
1250 3295 1508 3365 declinationem
1528 3311 1607 3366 sunt
1632 3298 1750 3367 secuti.

1017 3566 1051 3648 a.
1076 3556 1141 3634 21.

649 3696 712 3753 ne
741 3696 974 3756 sauir-ivo
1007 3696 1285 3758 srncunarns
1314 3695 1502 3767 nunnae
1568 3694 1570 3699 ·

148 3920 151 3924 .
333 3836 440 3933 Apud
464 3836 640 3904 Romanos
667 3834 812 3922 genitivi
845 3835 937 3915 eins,
973 3837 1092 3916 cuius,
1128 3836 1244 3915 illius,
1280 3836 1409 3915 utrius,
1446 3835 1608 3916 alterius,
1644 3835 1765 3915 solius,
1804 3837 1943 3917 iactast

234 3953 361 4042 ipsius,
396 3953 497 4020 unius
523 3950 669 4019 multum
698 3949 741 4016 ab
774 3950 980 4018 relicuorum
1016 3953 1194 4019 nominum
1224 3952 1448 4020 declinatione
1474 3951 1644 4018 recedunt.
1688 3950 1849 4020 Attamen
1877 3976 1914 4032 a,
2021 4028 2026 4039 x

231 4068 323 4156 quod
350 4094 368 4133 s
394 4067 541 4135 litteram
570 4063 756 4157 praecedit,
791 4065 878 4133 nihil
905 4067 1007 4133 habet
1036 4067 1252 4136 difficultatis.
1296 4069 1428 4133 Notum
1456 4079 1505 4133 est
1525 4069 1635 4151 enim,
1664 4067 1701 4134 in
1718 4069 1762 4154 iis
1782 4067 1915 4147 formis,

230 4185 268 4251 in
290 4182 411 4274 quibus
432 4184 508 4252 Indi
525 4191 566 4262 ὅ,
594 4181 717 4250 Gracci
738 4207 757 4249 o
778 4180 939 4263 babeant,
970 4183 1144 4248 Romanos
1162 4183 1388 4263 aadsoivisse‚
1417 4183 1508 4269 qnod
1527 4204 1628 4271 saepe
1650 4185 1686 4250 in
1705 4185 1783 4250 iest
1798 4195 1913 4250 muta-

195 4349 210 4390 4
231 4310 323 4379 tum;
344 4301 455 4368 itasx
476 4307 650 4387 optumus,
672 4296 1000 4364 mammusl'actum
1022 4306 1071 4363 est
1092 4298 1261 4384 optimus,
1283 4299 1474 4378 maximus,
1496 4299 1586 4367 etin
1608 4299 1911 4398 legimumorpi-

145 4414 148 4418 ’
196 4434 201 4442 ·
229 4435 308 4479 mus
328 4416 438 4482 media
456 4417 584 4504 syllaba
600 4407 792 4503 antiquitus
805 4435 830 4480 rt
846 4412 931 4498 tuit,
954 4413 1190 4493 suesanus,
1203 4413 1389 4495 volamus,
1410 4415 1592 4495 neamus,
1608 4408 1785 4504 possumus
1795 4437 1912 4504 appo·

228 4540 292 4598 ret.
335 4527 427 4618 Quid
448 4530 563 4619 qnod?
585 4543 665 4601 rom
684 4529 787 4603 etiam
805 4529 937 4632 formae
958 4527 1183 4618 quosdam,
1170 4530 1346 4618 inquibus
1363 4531 1534 4621 genitivus
1548 4533 1666 4601 tertiae
1680 4509 1909 4631 declinationis
