4320 5414
1857 363 1909 441 ω
2098 340 2103 347 .

228 576 375 642 mutua,
401 562 472 630 ιἰια
491 558 640 640 εινίιιιιι-
665 552 832 622 sts'tsrtta
850 564 967 631 motem
984 550 1159 643 pmouor‘
1180 550 1273 620 illud
1290 568 1413 644 εοῙιιιι,
1442 551 1669 643 illdvnosuss,
1694 558 1760 631 illo
1773 564 1910 642 'stoicus

227 675 342 748 Huius
359 677 560 751 sententiam
573 667 834 756 Ιιιιιιιιιιιιιιιιιιιιιι
849 671 887 738 iu
902 669 1063 738 Imtitntt.
1079 684 1268 757 grnmmett.
1281 681 1415 740 seoutm
1429 686 1499 758 est,
1521 677 1580 764 qui
1599 677 1654 746 lib.
1666 679 1711 746 Π.
1726 672 1815 749 ¹haee
1827 700 1911 769 pro-

228 794 368 863 nomina
383 795 432 861 ita
450 789 641 878 distinguite
666 786 740 889 Ιιιο
751 785 963 875 aspamam
971 808 1156 875 personam
1169 787 1255 855 solet
1268 787 1414 877 referri,
1437 789 1452 855 i
1458 802 1523 857 eta
1543 791 1593 858 ud
1604 790 1805 876 morandum,
1825 796 1864 861 ιι
1872 795 1911 867 te

229 911 279 977 ud
291 908 452 991 tertiam,
473 925 575 991 quem
587 902 788 971 eenmntiam
803 902 1033 978 potentissimo
1046 914 1201 994 tempore
1213 915 1340 972 tutatus
1354 916 1388 974 et
1403 906 1535 994 longius
1545 925 1742 997 -peaeeoutns
1756 920 1805 978 est
1817 911 1913 1000 Gry·

152 1063 154 1066 ·
191 1035 194 1039 ’
223 1027 347 1111 sarius,
368 1017 534 1115 (Theonis
552 1019 679 1089 des-let
688 1019 794 1108 Style,
816 1022 912 1103 1881,
925 1042 960 1110 p.
974 1019 1053 1102 78).
1098 1019 1227 1088 Contra
1244 1020 1444 1121 etSoaliger
1461 1024 1499 1091 in
1519 1023 1628 1109 libro,
1649 1026 1763 1113 quide
1779 1026 1912 1094 Caunis

226 1141 373 1228 linguae·¹
383 1136 507 1206 latinae
519 1135 732 1224 insoribitur,
753 1126 878 1204 nbi'de
896 1135 949 1201 his
970 1137 1322 1226 pronominibusagit,
1345 1137 1419 1227 (Vl,
1439 1135 1525 1228 128.)
1536 1134 1582 1208 ¹in
1599 1130 1663 1208 alia
1679 1128 1914 1215 omnis-disee-

225 1254 302 1339 dit,
317 1265 351 1321 et
371 1252 609 1325 Stallbaumiut
628 1251 859 1321 Rnddimanni
879 1252 923 1320 da
944 1274 985 1320 eu
1007 1275 1045 1320 re
1056 1248 1245 1343 praesepta
1257 1253 1303 1320 ite
1319 1265 1511 1345 comparata
1526 1248 1595 1324 e'see
1608 1270 1742 1341 monet,
1766 1269 1803 1323 ut
1817 1257 1912 1323 nollo

227 1369 330 1438 modo
352 1368 492 1459 probari
510 1379 648 1456 queunt.
692 1358 808 1458 ltaque
828 1369 941 1436 denno
956 1368 994 1435 in
1013 1391 1087 1436 eam
1109 1390 1182 1437 rem
1196 1369 1367 1456 inquirere
1382 1382 1416 1439 et
1431 1370 1512 1460 quid
1528 1372 1570 1439 sit
1585 1373 1675 1440 inter
1687 1372 1768 1440 haec
1782 1394 1914 1462 prono·

225 1488 319 1554 mina
336 1484 536 1552 discriminis
549 1485 724 1573 indagare,
746 1486 849 1573 idque
863 1485 910 1552 ite
923 1484 1126 1552 confirmare
1136 1485 1247 1573 placet
1260 1498 1359 1573 etque
1375 1487 1541 1573 stabilire,
1565 1501 1602 1556 ut
1615 1511 1750 1556 omnem
1768 1511 1915 1579 scrupu-

177 1632 188 1641 ’·
221 1589 326 1686 lum,
340 1592 400 1687 qui
418 1600 614 1689 qnempiam
633 1588 722 1668 mele
743 1602 867 1668 habere
887 1600 1007 1688 possit,
1031 1620 1074 1665 ex
1095 1599 1168 1664 eins
1181 1600 1295 1666 anim'o
1309 1592 1502 1671 evellimus.
1520 1690 1524 1695 Ι
1543 1604 1659 1688 Atque
1672 1604 1820 1671 Graecos
1833 1603 1915 1692 qui·

223 1717 304 1785 dem
325 1700 465 1806 proprie
487 1715 557 1779 duo
574 1725 705 1785 tantam
726 1715 850 1781 habere
871 1716 1094 1803 pronomina,
1113 1736 1200 1801 qnae
1217 1715 1329 1782 locum
1352 1716 1599 1802 demonstrent,
1621 1718 1702 1785 satis
1720 1729 1838 1786 notum
1852 1729 1913 1804 est,
2013 1780 2017 1790 ,
2150 1737 2154 1745 ’

224 1832 371 1899 alterum
393 1826 438 1915 d,
450 1828 524 1896 sive
544 1829 613 1912 dds,
640 1830 713 1897 sive
733 1823 842 1910 οὗτος,
861 1831 1013 1897 'alterum
1031 1840 1130 1907 aseae
1146 1829 1218 1896 sive
1240 1837 1349 1912 ιῆιιιςι
1378 1833 1484 1920 eaque
1503 1833 1550 1903 ita
1569 1833 1723 1921 differre,
1744 1844 1784 1902 ut
1808 1833 1916 1919 drea,

224 1967 312 2036 quse
333 1945 488 2034 loquenti
511 1945 582 2012 sint·
600 1938 792 2034 propiores,
813 1945 996 2033 significet,
1017 1954 1132 2030 κιιιος,
1151 1965 1240 2032 quse
1260 1945 1328 2011 sint
1349 1946 1539 2032 eloquente
1550 1943 1764 2036 remotiores,
1788 1953 1864 2035 §.8.
1880 1954 1914 2017 8.

228 2075 280 2130 est
299 2062 501 2153 expositum.
545 2061 804 2156 Graeeasntem
825 2062 941 2155 lingue
961 2061 998 2126 in
1018 2083 1059 2127 es
1079 2063 1128 2127 r!
1134 2072 1169 2127 et
1180 2059 1361 2128 subtilitate
1374 2072 1409 2127 et
1422 2063 1656 2154 perspicuitate
1670 2065 1815 2133 multum
1828 2041 1915 2132 ‘vin‘-
1970 2133 1974 2139 ,

221 2180 315 2247 citur
335 2202 356 2246 a
374 2179 499 2265 latins,
522 2201 607 2268 quse
627 2179 709 2264 tn'a,
730 2198 817 2264 quae
830 2178 941 2243 looum
959 2175 1128 2263 indicant,
1152 2177 1480 2265 habetpronomina.
1519 2180 1611 2248 Nam
1629 2182 1914 2276 quemadmodum
1961 2216 1965 2221 ·

221 2301 443 2386 personarum
457 2293 522 2361 tria
535 2305 614 2360 sunt
627 2294 832 2382 pronomine
845 2293 1041 2377 necessarie,-
1062 2303 1095 2358 et
1107 2292 1287 2380 loquentis,
1302 2302 1337 2358 et
1348 2292 1538 2379 audientis,
1548 2305 1581 2362 et
1594 2296 1676 2384 eius,
1701 2297 1744 2363 de
1758 2307 1825 2384 qno
1841 2296 1916 2384 egi-¹

164 2409 303 2482 ‘turs
324 2412 372 2479 sio
388 2410 427 2477 in
443 2409 486 2475 iit
509 2409 785 2498 pronominibus,
808 2410 947 2491 quibus,
970 2431 1037 2491 quo
1055 2408 1093 2470 in
1111 2409 1186 2470 loeo
1206 2430 1260 2470 res
1278 2407 1389 2486 aliqua
1407 2420 1579 2489 versetur,
1601 2410 1825 2495 significatur,
1849 2411 1916 2476 trid

138 2536 145 2548 “
197 2520 354 2615 plieem
375 2525 472 2589 illem
493 2524 663 2589 rationem
675 2521 799 2587 haberi
820 2542 885 2608 par
904 2526 962 2587 est.
1007 2516 1144 2583 Etenim
1165 2518 1321 2605 propter
1328 2516 1497 2602 locorum,
1524 2518 1563 2584 ιιι
1583 2520 1709 2606 quibud
1725 2544 1778 2588 res
1799 2524 1912 2610 aliqua
1967 2564 1970 2571 .
2010 2604 2013 2611 r

232 2640 337 2731 possit
359 2659 446 2722 esse,
468 2649 502 2702 et
528 2633 783 2701 multitudinem
804 2645 837 2700 et
851 2633 1077 2702 diversitatem
1094 2655 1202 2699 unum
1222 2652 1413 2722 pronomen
1433 2631 1735 2704 demonstrativum
1749 2635 1913 2721 orationis
1942 2682 1945 2687 -

231 2750 461 2846 perspicuitati
488 2770 561 2816 non
589 2747 764 2835 satisfecit,
798 2748 856 2815 sed
878 2750 976 2838 plura
996 2748 1200 2816 videbuntur
1226 2768 1298 2814 esse
1319 2747 1515 2815 necessaris.
1566 2749 1619 2817 At
1638 2774 1743 2861 quum
1763 2752 1913 2820 hominis

233 2869 319 2937 nihil
336 2866 442 2954 magis
460 2864 611 2947 intersit,
636 2887 738 2957 quem
761 2885 862 2977 torpe,
891 2888 989 2931 num
996 2886 1049 2931 res
1067 2864 1176 2952 aliqua
1195 2863 1239 2930 ιιι
1260 2885 1297 2931 ee
1316 2863 1449 2952 ipsum,
1463 2878 1511 2930 en
1524 2864 1566 2931 ad
1583 2889 1660 2932 eum
1669 2889 1843 2956 ,quocum
1857 2868 1913 2935 lo-

233 2998 373 3074 quatur,
395 3005 439 3048 an
462 2979 605 3065 denique
621 2976 663 3046 ad
680 2980 818 3047 testium
833 2979 999 3066 quendam
1014 2979 1197 3067 pertineat,
1219 2977 1386 3065 quideme
1403 2991 1544 3046 natum
1561 2995 1635 3048 erat
1646 2983 1914 3066 convenientius,
1984 2995 1988 3002 '

223 3122 335 3188 ‘quam
355 3095 449 3185 quod·
470 3095 529 3162 lias
548 3106 771 3185 personarum
794 3095 950 3160 notiones
973 3093 1116 3162 edatius
1139 3108 1274 3196 quoque
1291 3115 1344 3161 res
1366 3094 1537 3159 transtulit
1560 3109 1593 3161 et
1616 3114 1717 3179 quem
1729 3099 1842 3164 locum
1856 3122 1910 3164 ros

232 3216 344 3301 eliqua
367 3221 497 3277 teneret
516 3209 795 3317 significaturus,
809 3230 1032 3297 personarum
1053 3208 1187 3274 ratione
1208 3208 1338 3290 habits,
1368 3205 1457 3281 aliud
1479 3230 1681 3298 pronomen
1688 3210 1838 3296 finxit,
1841 3232 1910 3299 quo

229 3350 304 3398 rem
318 3326 466 3414 aliquam
478 3312 674 3413 loquenti,
663 3348 686 3391 1.
701 3348 729 3392 e.
741 3326 871 3413 primae
882 3338 1056 3417 personne,
1079 3324 1303 3414 propinquam
1318 3344 1390 3389 esse
1402 3323 1610 3407 ostenderet,
1631 3324 1721 3393 aliud
1729 3327 1852 3414 ,quod
1867 3329 1909 3396 ud

230 3446 360 3525 losum,
381 3442 419 3508 ιιι
433 3459 502 3527 qno
518 3440 652 3508 auditor
665 3441 877 3528 consisteret,
899 3445 921 3509 i.
935 3464 963 3509 e
986 3441 1026 3508 ad
1040 3439 1222 3508 secundam
1237 3459 1429 3528 personam,
1449 3450 1632 3528 speenrets
1651 3442 1910 3532 aliuddenique,
2002 3478 2007 3485 >

225 3552 323 3647 'qnod
342 3578 417 3625 rem
440 3556 586 3643 aliquem
606 3570 640 3625 et
658 3578 680 3625 a
699 3559 859 3644 loquente
882 3570 917 3625 et
938 3557 980 3625 ab
1003 3556 1159 3623 audiente
1180 3567 1343 3622 remotam
1368 3566 1403 3622 et
1422 3554 1465 3621 ab
1485 3568 1629 3642 utroque
1649 3557 1830 3626 intervallo
1851 3581 1908 3626 se·

229 3676 379 3755 iunctam
402 3692 481 3739 esse*
493 3671 681 3740 iudiearetl
726 3673 827 3761 Quod
846 3685 1053 3762 quantopere
1073 3671 1195 3738 mentis
1212 3669 1381 3739 humanae
1399 3681 1542 3738 naturae
1554 3672 1597 3738 sit
1611 3674 1910 3754 accommodatum,

228 3801 341 3883 potest
364 3784 450 3854 inde
471 3787 633 3877 perspici,
663 3789 756 3878 qnod
780 3789 865 3857 aliae
892 3789 993 3856 etism
1019 3788 1171 3875 linguae,
1207 3786 1252 3871 si,
1289 3804 1357 3875 qao
1377 3785 1415 3853 in
1435 3785 1514 3852 looo
1530 3788 1715 3876 resaliqua
1734 3800 1906 3872 versetur,

231 3906 400 3973 declarare
411 3903 548 3991 volunt,
567 3904 666 3990 item,
689 3904 824 3973 aninam
840 3906 882 3972 de
901 3905 1008 3973 tribue
1027 3903 1178 3995 personis
1197 3924 1238 3969 ea
1250 3901 1299 3969 ‘sit
1319 3903 1492 3992 proxime,
1521 3901 1731 3990 significant,
1760 3901 1797 3969 id
1816 3902 1908 3992 quod

186 4069 189 4075 -
231 4021 435 4090 Guilielmue
459 4019 503 4086 de
526 4019 758 4090 Humboldtue
785 4021 956 4088 uberrime
984 4032 1017 4088 et
1044 4018 1257 4088 subtilissime
1284 4018 1440 4109 exposuit
1466 4015 1514 4085 ιιι
1530 4018 1665 4103 libello,
1698 4039 1785 4106 quo,
1821 4039 1915 4106 quae.

230 4140 320 4207 inter
342 4135 408 4203 looi
427 4134 586 4204 adverbis
607 4147 708 4226 atque
726 4135 931 4238 pronomine
952 4135 990 4202 in
1009 4134 1207 4222 quibusdam
1225 4135 1347 4222 linguis
1367 4133 1524 4222 cognatio
1542 4130 1745 4218 intercedat,
1763 4132 1906 4218 edoouit,
1943 4175 1946 4180 -

232 4251 415 4340 (Berolini,
439 4248 545 4339 teto).
586 4254 695 4338 Nam,
715 4254 766 4321 uti
788 4254 845 4320 illo
857 4250 979 4335 refert,
1000 4251 1036 4318 in
1050 4252 1181 4338 lingue,
1201 4271 1268 4338 que
1283 4243 1321 4317 in
1333 4247 1648 4317 Amicitiaelnsulis
1661 4260 1821 4331 utuntur,
1840 4262 1907 4316 tres

152 4356 154 4360 Α
209 4379 312 4433 suut
337 4364 536 4452 purtioulee,
566 4383 709 4454 querum
733 4391 796 4434 usu
821 4378 855 4436 et
873 4366 1130 4454 significatione,
1165 4387 1251 4454 quaa
1273 4364 1464 4449 doouimns,
1492 4364 1625 4451 egregie
1651 4363 1906 4434 confirmantur.

176 4520 179 4525 ·
234 4480 310 4549 Mei
336 4477 427 4545 enim
448 4499 522 4545 rem
550 4482 696 4570 aliquam
718 4483 973 4571 adloquentem
995 4481 1092 4570 dirigi
1118 4481 1348 4550 et'admoveri
1364 4479 1549 4569 significat,
1577 4491 1639 4548 otu
1658 4491 1772 4548 eutem
1790 4499 1862 4544 rem
1884 4499 1906 4545 a

1171 4600 1189 4617 ‘
1387 4660 1390 4671 ,
1452 4640 1458 4655 .
1525 4593 1559 4660 G
