4320 5414
1692 383 1727 407 ¹·
1781 413 1795 442 ι
1852 362 1920 484 ιι·

232 588 310 666 tsss'
330 617 528 675 eonverssm
548 580 775 680 *videbamus5
793 586 985 684 'composita
1012 612 1100 677 esse,
1129 590 1229 661 froila
1247 592 1344 662 nobis
1363 576 1612 684 persuademus.
1653 574 1910 688 ‘Htlsoesigitur

229 713 369 804 propria
396 713 453 780 cau
475 709 601 780 ιιηιιι
628 706 808 798 afflatur,
848 721 885 778 se
911 690 1112 805 pter-umque
1139 709 1181 777 aa
1209 690 1493 799 magnitudinem,
1534 712 1705 780 intersum
1721 715 1836 783 uam
1863 718 1908 784 ιι

228 829 447 919 parvitatem,
480 828 635 918 inprimis
668 850 751 894 vero
785 826 828 894 ad
864 828 1014 925 eorporis
1047 837 1211 894 staturam
1239 822 1397 895 refertur
1432 827 1639 915 Quaerant,
1669 843 1707 896 ut
1735 855 1837 920 saepe
1867 834 1909 900 de

229 957 336 1012 aetate
366 945 497 1010 dicatur
521 957 622 1031 atque
650 936 770 1024 ἡλικία,
803 964 870 1030 quo
900 941 1039 1055 proprie
1066 942 1217 1030 qualitas
1238 944 1450 1031 intelligitur,
1479 942 1614 1008 nonnisi
1642 943 1683 1009 de
1713 945 1784 1013 vita
1811 959 1910 1035 atque

135 1096 144 1107 =
233 1069 339 1125 aetate
372 1071 561 1146 usurpetur.
613 1060 706 1124 Hiuo
741 1059 937 1125 derivarunt
972 1046 1150 1143 elcesaitae,
1190 1057 1349 1146 aliudque
1385 1058 1488 1125 etiam
1521 1056 1667 1123 verbum
1700 1051 1784 1143 ἧλιξ,
1808 1056 1910 1148 'quod

226 1150 407 1260 significat:
436 1197 495 1262 qus
490 1173 635 1262 aliquo
657 1184 769 1238 aetate
791 1184 860 1254 est,
883 1176 1103 1264 potissimum
1116 1174 1274 1263 florente
1312 1171 1363 1240 CI.
1379 1172 1481 1240 Hom.
1499 1173 1620 1263 Odyss.
1634 1173 1773 1262 XVIII,
1795 1181 1867 1244 572.

788 1378 790 1383 ,
1231 1279 1333 1372 ’βόες

542 1406 700 1487 αἴθωνες,
733 1411 881 1492 μεγάλοι,
900 1404 991 1491 ἄμφω
1012 1406 1170 1490 κεκορηότε
1190 1408 1292 1488 ποίης,

537 1522 651 1607 ἥλικες,
670 1524 830 1609 ἰσοφόροι.
1112 1606 1119 1617 .

228 1654 368 1723 Postera
389 1638 527 1720 demum
549 1666 658 1721 aetate
677 1646 745 1737 ἧλιξ
769 1653 931 1738 eandem,
957 1669 1059 1738 quam
1084 1643 1207 1736 ὅμῆλιξ,
1234 1647 1373 1718 videtur
1394 1608 1677 1742 siguibcationem
1693 1656 1866 1757 accepisse.

227 1770 250 1843 I·
341 1797 441 1891 Talis
476 1810 589 1864 autem
625 1813 658 1868 et
690 1801 800 1887 quiade
829 1799 947 1895 eodem
974 1792 1076 1861 modo
1103 1810 1176 1865 orta
1203 1792 1362 1863 videntur
1388 1821 1467 1864 asae.
1484 1800 1598 1882 'Qua
1624 1801 1821 1869 adverbium
1846 1801 1911 1870 ad·

229 1916 297 1982 huo
324 1914 361 1980 in
389 1936 451 1979 usu
481 1927 548 1995 est,
581 1925 625 2005 tq
648 1916 817 2004 antiquior
844 1914 956 1981 forma
984 1924 1109 1979 mutata
1139 1924 1188 1978 est
1215 1910 1259 1978 in'
1281 1912 1364 2011 ΙΙιιιο,
1387 1899 1554 2003 (otiosus
1575 1917 1686 2001 §.18.)
1715 1916 1760 1982 tis
1781 1929 1907 2001 autem,

167 2032 178 2047 ⁸
230 2031 313 2119 quin
343 2030 385 2096 ad
414 2029 555 2096 eandem
584 2029 732 2096 radicem
763 2027 830 2123 leik
860 2030 932 2095 sive
955 2026 1012 2092 tit
1041 2028 1227 2116 pertineat,
1265 2049 1285 2093 a
1313 2049 1378 2114 qua
1404 2021 1512 2114 η’λικοι
1538 2042 1574 2096 et
1602 2025 1748 2099 Irseleiks
1775 2034 1908 2101 venisse

157 2161 160 2165 ·
228 2124 468 2234 probavimus,
501 2168 571 2212 non
602 2157 669 2229 est,
703 2144 793 2234 quod
826 2143 1028 2210 dubitemus.
1085 2144 1178 2210 Nam
1210 2141 1300 2233 apud
1336 2143 1476 2211 Latinos
1508 2167 1643 2232 quoque
1659 2149 1736 2248 ¹boc
1761 2150 1907 2216 verbum

118 2246 148 2263 '¹
228 2254 267 2327 in
302 2261 498 2350 quibusdam
536 2271 668 2327 tantum
703 2258 1000 2352 compositionibus
1029 2259 1220 2342 mansisse,'
1249 2270 1398 2335 ceterum
1426 2273 1549 2327 autem⁴
1573 2261 1725 2330 interisse
1758 2265 1904 2357 videtur,

229 2375 295 2442 nisi
322 2374 409 2442 forte
436 2377 473 2443 in
493 2376 618 2465 liquet,
654 2377 676 2442 i.
699 2400 727 2442 e.
744 2364 904 2454 videtur,
943 2373 1164 2463 perspicuum
1187 2385 1255 2449 est,
1292 2375 1363 2440 eius
1385 2358 1564 2461 vestigium
1587 2376 1728 2464 reperiri
1750 2378 1909 2450 dieamus.

228 2468 421 2557 Eiusvero
449 2492 485 2556 in
514 2490 810 2575 compositionibus
823 2483 973 2594 ,propria
997 2481 1063 2547 fuit
1092 2480 1206 2549 forma
1232 2481 1305 2550 sive
1333 2483 1385 2548 lix
1404 2483 1477 2548 sive
1503 2484 1606 2570 Ιίοιιι,
1637 2509 1779 2574 quarum
1805 2494 1909 2565 altera

231 2600 323 2672 baud
341 2603 411 2670 scio
433 2623 477 2669 an
499 2596 537 2667 in
550 2599 623 2691 sel
609 2624 663 2674 ιιι,
693 2601 784 2686 quod
804 2611 852 2665 est
872 2620 891 2663 e
909 2595 1020 2664 radice
1040 2594 1157 2681 FEO,
1186 2593 1277 2661 unde
1297 2593 1443 2684 effetus,
1470 2594 1658 2688 fecundus,
1678 2601 1815 2693 femina
1834 2621 1930 2695 orta⁵

231 2731 328 2804 sunt,
355 2729 488 2785 servata
512 2717 574 2800 sit,
601 2715 742 2784 altera
730 2739 769 2781 ιιι
786 2711 997 2804 famelicam
1036 2709 1095 2777 sed
1116 2732 1134 2775 c
1157 2688 1319 2798 gutturali
1342 2710 1455 2780 littera
1475 2712 1573 2798 elisa,
1606 2715 1652 2782 Iis
1673 2719 1803 2806 syllaba
1829 2735 1909 2795 nata

233 2860 305 2903 esse
339 2833 491 2929 videtur,
529 2853 632 2918 quam
651 2830 771 2897 omnis
795 2828 926 2919 generis
951 2826 1066 2895 verbis
1102 2823 1282 2892 affixam
1270 2847 1451 2896 innumera
1479 2829 1645 2897 vocabula
1671 2846 1799 2928 onustat
1822 2832 1923 2928 pro-⁵

160 2926 170 2939 „
232 2972 378 3033 masse,
408 2948 502 3014 ouius
527 2946 659 3034 generis
677 2959 756 3014 sunt
770 2944 884 3036 faeil'
869 2970 920 3025 ιι,
948 2942 1076 3020 civilis,
1105 2940 1251 3021 similis,
1271 2940 1438 3023 humiles,
1460 2940 1628 3037 fragilis,
1652 2948 1821 3037 gracilis,
1851 2975 1908 3032 οι-Ι
1997 2998 1998 3004 1
2085 2974 2093 2987 ’

231 3066 348 3159 galus,
378 3061 543 3151 aequalis.
592 3062 710 3147 Itaque
734 3060 816 3128 talis
842 3073 876 3127 et
899 3057 1014 3148 qualis
1038 3056 1217 3139 vocabula,
1247 3075 1334 3140 quae
1355 3055 1497 3123 eundem
1517 3044 1682 3148 originem
1702 3063 1827 3137 habere
1847 3089 1909 3135 sr-
1912 3134 1915 3138 Α

202 3232 215 3264 ,.
235 3184 372 3263 bitror,
389 3178 571 3265 antiquitus
591 3175 671 3241 Ῑιιιίο
691 3174 838 3255 simules,
866 3196 921 3240 cus
915 3169 1064 3236 similis
1078 3169 1323 3258 significarunt,
1347 3170 1469 3239 deinde
1487 3194 1572 3239 vero
1592 3176 1717 3243 sensim
1731 3177 1773 3244 ad
1788 3201 1906 3249 omnes

236 3321 353 3366 rerum
374 3303 468 3362 nous
489 3287 720 3380 significandas
734 3289 1027 3358 adhibitasuuu

336 3476 375 3555 9)
402 3468 491 3537 Aliis
510 3442 769 3560 pronominibus
791 3464 953 3557 possessio
975 3461 1151 3530 indicatur.
1205 3462 1282 3532 Indi
1304 3466 1387 3546 tres,
1418 3463 1551 3572 Graeci
1559 3465 1645 3534 duas
1669 3472 1909 3557 pronominum

232 3589 498 3686 possessivorum
511 3582 646 3651 babent
664 3581 801 3650 formas.
844 3577 970 3648 Nam
959 3566 996 3646 ιιι
1011 3570 1125 3666 lingua
1141 3598 1260 3665 graeca
1273 3591 1331 3644 aut
1345 3604 1396 3660 or,
1413 3608 1452 3661 η,
1472 3555 1564 3647 osatl
1577 3564 1835 3653 verbiradioenr
1840 3587 1908 3655 ad·

235 3700 490 3787 dituridquein
502 3720 644 3767 numero
661 3696 867 3783 singulariet
882 3693 1006 3785 plurali
1019 3693 1205 3782 reperitura
1228 3687 1314 3778 ἐμός,
1337 3687 1409 3772 σός,
1431 3687 1524 3780 sipia,
1546 3689 1638 3782 ὖμός,
1660 3692 1753 3785 σφ’ός,
1775 3696 1841 3782 tie,
1862 3698 1907 3782 ὅς,

118 3832 148 3900 j
225 3827 292 3894 ’.οι
312 3839 402 3907 τερος
423 3818 497 3881 sive
518 3837 635 3904 respue,
654 3811 744 3897 quod
764 3809 870 3875 dualis
893 3822 928 3875 et
937 3808 1079 3906 plurahs
1092 3830 1223 3874 numera
1214 3808 1342 3876 radici
1357 3831 1376 3873 a
1380 3796 1524 3899 fugimus
1545 3818 1706 3913 satrapae,
1727 3796 1906 3904 οφοΐιεροι,

235 3933 411 4025 quinque,
406 3922 583 4018 ὑμέτερος,
605 3929 757 4014 σφέτεροι
800 3925 923 4010 Neque
941 3922 1068 4013 mirum
1088 3933 1190 4009 esset,
1212 3948 1241 3990 ss
1232 3923 1376 4012 plures
1396 3924 1496 3989 etiam
1511 3923 1637 3994 formae
1651 3930 1692 3996 ad
1704 3920 1911 4021 pronomIna
1970 3976 1972 3981 ·
2037 3974 2044 3986 =

230 4050 421 4146 possessiva
434 4038 600 4132 fingenda
597 4053 709 4112 essent
724 4040 938 4127 exoogitatae,
957 4037 1115 4126 quoniam
1130 4038 1191 4105 vix
1207 4039 1386 4125 quidquam
1401 4039 1503 4126 magis
1516 4039 1691 4110 hominum
1707 4047 1836 4113 animos
1846 4048 1908 4114 a'd

234 4168 350 4251 vertit,
370 4184 472 4252 quam
484 4160 578 4228 euius
591 4180 643 4227 res
656 4153 1019 4245 quaequemanoipium
1031 4153 1084 4235 sit,
1105 4160 1213 4238 'eaque
1228 4156 1323 4219 notio
1336 4139 1373 4219 in
1389 4154 1482 4221 omni
1495 4156 1658 4224 sermonis
1670 4141 1907 4254 gaudiumque
2009 4154 2015 4159 ’

153 4310 155 4313 ,
234 4283 474 4369 frequentatur.
516 4278 638 4362 Neque
657 4285 769 4342 umen
783 4270 907 4339 Graeoi
928 4269 1104 4336 excuteris
1124 4264 1380 4356 pronominibus
1399 4267 1584 4357 possessiva
1604 4258 1792 4360 'timim'
1815 4278 1905 4362 quod
1998 4302 2004 4311 .

235 4401 284 4467 ita
301 4392 425 4465 fastum
443 4412 511 4457 esse
524 4401 625 4480 puto,
647 4387 736 4473 quod
750 4410 813 4478 pro
828 4385 1023 4478 possessivis
1043 4382 1237 4473 saepissime
1253 4384 1402 4471 ipsorum
1414 4376 1655 4470 pronominum
1669 4390 1909 4474 genitivos
1846 4390 1909 4455 ad

237 4514 432 4583 nituerunt.
483 4493 574 4572 Nam
603 4515 808 4607 quantopere
835 4496 1039 4593 pronomina
1068 4499 1254 4590 possessiva
1282 4518 1357 4564 eum
1385 4494 1543 4585 genitivi
1554 4484 1811 4631 significatione
1806 4504 1904 4582 con-'¹

1521 4610 1555 4678 K
