4320 5414
220 362 277 453 aa

226 562 472 667 pronominum
484 551 709 624 declinatione
719 543 885 636 congruit
904 531 1479 635 (ct.§.1a.)·--aa,qnnquan
1492 536 1701 619 einenoiio'‘
1686 567 1944 632 nauteam&-

226 695 363 780 parata,
392 691 431 748 ut
445 698 466 744 e
478 670 652 742 nonnullis
667 666 749 734 haec
768 686 840 730 vox
860 661 904 730 eit
922 661 1012 728 inter
1031 661 1236 752 pronomina
1256 664 1379 748 relata,
1407 674 1524 732 tamen
1545 665 1628 733 nihil
1642 667 1765 760 babet,
1788 698 1857 766 quo
1869 680 1912 753 ιιι

227 796 475 898 pronominum
490 784 747 856 declinationem
760 778 906 847 accedat.
949 778 1077 844 Nam''
1056 804 1160 866 erepor
1172 802 1244 846 nou
1261 803 1303 846 ex
1317 782 1379 860 alc,
1400 778 1459 846 aed
1477 802 1522 848 cx
1533 777 1574 850 Ἰ
1581 790 1785 872 pronomine
1800 806 1938 869 ortum

226 944 300 990 ecee
314 914 427 984 credo.
444 910 487 991 (§
499 903 563 989 15.)
590 900 674 967 Alia
689 909 800 968 autem
816 918 888 963 vox
898 895 1024 976 nativa,
1044 916 1141 982 aqua
1153 895 1304 964 derivata
1317 893 1483 983 quaedam
1500 898 1629 966 verba
1616 922 1653 966 ιιι
1666 901 1779 991 lingon
1791 931 1919 995 graeca
1953 937 1956 943 ·

184 1094 190 1103 .
227 1047 326 1115 aunt,
347 1050 418 1097 nou
439 1036 490 1090 εει
505 1020 560 1085 hic
582 1014 837 1106 praetereunda.
880 1011 988 1101 Apud
1009 1011 1111 1077 Indoa
1130 1013 1222 1079 enim
1241 1008 1359 1091 aedua,
1384 1023 1424 1092 ἃ,
1446 1035 1524 1094 am,
1546 1037 1650 1098 mm„
1670 1020 1713 1102 α’,
1735 1043 1795 1087 „m
1809 1024 1918 1111 εἰμί,

229 1152 327 1228 ῇαις
353 1165 399 1210 ex
420 1137 538 1207 eadem
566 1133 677 1200 radico
698 1129 862 1198 vocabula
884 1149 1004 1215 graeca
1022 1120 1110 1208 ἑκάς,
1136 1133 1264 1208 ἕκαθεν,
1292 1120 1436 1212 ἑκάτερος
1455 1138 1489 1211 et
1508 1135 1640 1208 ἕκαστος
1664 1133 1820 1222 profecta
1846 1160 1920 1206 ειη

227 1259 441 1333 crediderim·
483 1250 657 1322 Nimirum
679 1246 779 1313 huius
796 1244 893 1312 verbi
911 1242 1114 1332 significatio
1135 1244 1182 1310 ita
1204 1255 1334 1310 mutata
1354 1252 1423 1328 aet,
1444 1255 1502 1330 nt,
1524 1266 1610 1333 quae
1630 1249 1766 1319 unitatis
1778 1254 1921 1322 notione

230 1370 538 1468 comprehendatur
563 1361 785 1432 dictinctionis
810 1374 845 1428 et
868 1358 1102 1425 disiunctionia
1123 1359 1236 1443 notio,
1270 1383 1310 1428 ea
1337 1360 1428 1449 apud
1450 1358 1598 1429 Graecos
1618 1365 1780 1454 primaria
1799 1370 1836 1436 in
1855 1371 1921 1438 hoc

231 1497 336 1566 verbo
358 1489 460 1556 fuisse
476 1484 645 1551 videatur.
689 1478 803 1568 Atque
818 1468 907 1554 ἑκάς,
928 1480 1042 1542 ἕκαθεν,
1049 1476 1190 1563 procul,
1211 1469 1355 1565 ἑιιᾶτιρος
1369 1477 1578 1566 umcequipue
1593 1477 1637 1544 dc
1651 1478 1798 1565 dueum,
1820 1485 1920 1575 ioque
1973 1572 1976 1576 ¹

231 1613 403 1681 eeiunotua
417 1603 460 1669 ab
474 1601 598 1680 altero,
621 1601 749 1670 ἕκαστος
762 1592 987 1681 unusquisque
998 1590 1040 1656 de
1048 1590 1208 1679 pluribus
1213 1632 1229 1672 ,ι
1247 1592 1341 1679 isque
1358 1593 1525 1659 seiunctus
1540 1617 1560 1660 a
1575 1596 1709 1683 caterio,
1731 1597 1787 1687 (of.
1802 1602 1831 1683 §.
1849 1600 1919 1685 16.)

233 1723 435 1816 significant·
479 1717 600 1802 Neque
622 1712 771 1778 Graecos
792 1731 870 1776 cum
892 1708 1021 1797 spiritu
1037 1730 1174 1796 aspero,
1203 1730 1305 1796 quem
1325 1710 1402 1774 Indi
1422 1731 1493 1774 non
1516 1709 1659 1796 habeut,
1689 1713 1753 1779 hoc
1773 1714 1918 1780 verbum

233 1839 417 1931 xripeieee,
438 1830 632 1897 mirandum
650 1837 710 1893 eet.
755 1824 846 1892 Nam
861 1825 975 1915 plures
988 1824 1176 1912 reperimus
1189 1845 1308 1906 vocer,
1328 1825 1365 1890 iu
1380 1824 1500 1911 quibua
1514 1824 1635 1892 Graeci
1649 1829 1803 1916 spiritum
1820 1853 1922 1919 eope·

234 1981 333 2038 rum,
355 1971 454 2043 quem
472 1948 606 2034 linguae
624 1951 785 2028 cognatae
800 1941 959 2029 spiritum
973 1964 1044 2007 non
1059 1939 1201 2025 habent,
1223 1939 1433 2006 addiderunt
1476 1939 1531 2007 Dc
1544 1949 1640 2020 ἵππος
1655 1955 1688 2010 et
1704 1948 1805 2024 ἵκεις,
1825 1945 1920 2031 quod

234 2096 313 2144 cum
343 2090 462 2150 aeona,
491 2061 605 2129 iudica
626 2080 729 2140 voce,
756 2067 791 2123 et
811 2078 918 2144 equae
939 2040 1110 2139 congruit,
1138 2077 1241 2144 cupra
1261 2067 1313 2121 εει
1333 2055 1478 2138 dictum3
1507 2057 1624 2124 confer
1641 2074 1818 2148 praeterea
1839 2063 1921 2137 εἴλει,

235 2192 338 2267 citio,
357 2182 472 2259 volvo,
493 2191 526 2245 et
540 2180 611 2252 ἕλιξ,
633 2177 761 2253 ἑλίσσει
781 2186 815 2239 et
835 2174 880 2247 eie
895 2194 972 2238 cum
986 2171 1118 2258 gothico
1133 2171 1209 2236 dina
1225 2183 1258 2236 et
1272 2193 1367 2239 unua.
1389 2205 1434 2220 -
1474 2173 1592 2239 Tertio
1607 2175 1679 2240 loco
1695 2171 1785 2252 uilloc
1797 2198 1922 2243 vocem
1943 2187 1948 2192 '

236 2324 372 2375 necesse
392 2306 441 2363 εει
463 2311 784 2372 commemoremus,
806 2288 900 2353 cuiue
916 2298 1074 2353 neutrum
1093 2284 1180 2364 ἄλλο,
1202 2287 1374 2353 aGraecis
1387 2287 1449 2352 hoo
1467 2288 1503 2353 in
1517 2291 1756 2376 pronominum
1771 2313 1920 2358 numero

239 2443 310 2492 eoae
325 2413 499 2495 habitum,
519 2405 597 2472 eatis
619 2403 824 2471 testificatur.
866 2405 925 2470 Ex
946 2425 986 2468 ea
1000 2425 1085 2468 voce
1099 2382 1253 2482 uiuitur}
1274 2395 1491 2484 inimicale.
1509 2404 1737 2487 rarefactum,
1760 2428 1837 2472 cum
1851 2428 1920 2495 per

239 2564 274 2608 ae
288 2543 415 2626 pateat,
437 2536 512 2590 tum
528 2520 693 2587 Indorum
714 2520 828 2608 lingua
843 2518 1091 2608 comprobatur.
1134 2519 1170 2584 N
1172 2540 1227 2585 am
1242 2540 1285 2583 ex
1299 2517 1405 2604 anjoa
1418 2531 1452 2584 et
1460 2540 1588 2606 parua,
1608 2544 1694 2610 quae
1707 2521 1797 2588 oliuo
1809 2521 1922 2610 rigni-

167 2724 170 2731 ,
239 2633 366 2731 ficanr,'
385 2644 437 2710 illi
456 2636 607 2727 anjonja
628 2646 664 2722 et
675 2657 876 2723 portuportu
896 2635 1151 2717 formaverunt,
1172 2654 1211 2698 ac
1232 2633 1344 2723 prima
1358 2634 1494 2719 quidem
1508 2638 1632 2705 horum
1644 2643 1925 2728 verborum-paro

241 2781 290 2840 eat
304 2755 533 2831 nominativus
548 2751 724 2817 masculini
745 2751 876 2838 generis
892 2761 924 2815 et
939 2772 1002 2838 pro
1024 2746 1117 2814 omni
1131 2770 1275 2814 numero
1289 2763 1488 2836 usurpatur,
1509 2753 1614 2818 altera
1631 2752 1864 2820 tantummodo
1881 2754 1922 2820 iu
1979 2748 1981 2753 ’

243 2880 371 2953 caribus
392 2867 724 2958 obliquiareperitur.
766 2864 899 2934 Eodem
913 2865 1017 2930 modo
1032 2855 1167 2943 ἀλλήλων
1182 2886 1251 2929 esse
1264 2866 1504 2953 compositum,
1525 2866 1728 2956 Sclrlegeliua
1740 2870 1776 2935 in
1790 2870 1922 2936 Biblio-
1971 2868 1974 2873 ’

230 3003 340 3069 theca
357 2988 471 3056 Indica
483 2986 585 3050 Tom.
598 2982 623 3046 Ι.
637 3003 671 3068 p.
685 2983 758 3047 353.
783 2980 925 3045 monuit.
970 2981 1063 3045 Nam
1085 2979 1223 3066 proprie
1245 2975 1329 3046 illoc
1350 2977 1460 3060 ἆλλωι,
1481 2979 1567 3051 ἄλλοι
1580 2980 1925 3064 ἄλλοις,.ἆὶλειᾶλλους

243 3115 338 3182 iuxta
363 3124 434 3174 aesc
460 3111 541 3165 aunt
560 3095 668 3184 posita
694 3114 799 3181 caque
820 3093 992 3185 paullatim
1014 3094 1051 3158 iu
1073 3085 1225 3172 diluitur,
1254 3089 1406 3177 nitidiore,
1434 3091 1579 3175 minoe
1601 3101 1807 3166 coaluerunt.
1857 3102 1927 3167 Uti

242 3234 333 3304 enim
347 3233 379 3294 ot
396 3214 519 3302 ἀδελφοὶ
539 3214 577 3280 in
596 3186 720 3297 diripui
739 3222 772 3276 et
785 3203 822 3278 ri
836 3205 953 3291 ἀληθές
968 3210 1006 3274 in
1021 3209 1172 3289 τᾶληθές,
1194 3211 1240 3278 ita
1256 3211 1337 3278 haec
1351 3215 1471 3294 verba,
1492 3215 1596 3282 altero
1611 3215 1713 3281 leoni
1728 3216 1925 3289 emolliendi

244 3367 358 3418 eauaau
378 3339 502 3417 eiecto,
523 3331 559 3397 in
577 3321 713 3409 ἀλλήλων
726 3338 788 3394 etc.
809 3338 977 3392 contracta
992 3337 1087 3405 eunt3
1109 3326 1131 3393 ἆ
1149 3338 1260 3393 ειιιειιι
1275 3327 1365 3418 apud
1378 3329 1511 3396 Atticos
1532 3330 1568 3396 in
1581 3359 1602 3411 η
1617 3333 1760 3400 transiit.
1803 3334 1926 3421 Atque

130 3474 133 3480 '
243 3488 305 3536 cur
316 3464 398 3531 hacc
417 3472 487 3519 vox
501 3445 713 3514 nominativo
732 3443 775 3509 ait
791 3441 995 3526 destituta,
986 3465 1020 3508 ιιι
1035 3455 1151 3531 aperto
1166 3454 1234 3522 cet3
1255 3443 1312 3510 ille
1324 3443 1416 3510 euim
1433 3446 1542 3512 media
1557 3447 1593 3512 in
1609 3468 1694 3513 voce
1710 3450 1807 3529 latet,
1830 3451 1928 3517 eiua-

244 3605 309 3672 que
332 3575 445 3642 forma
459 3561 687 3631 contractione
702 3559 870 3628 vocalium
886 3561 1060 3626 obscuram
1075 3569 1135 3624 cat.

347 3683 452 3780 Apud
468 3681 640 3746 Romanoa
661 3675 902 3765 pronominum
922 3674 1102 3764 peculiaris
1116 3687 1164 3741 cot
1177 3674 1365 3742 declinatio.
1409 3676 1448 3742 In
1463 3646 1589 3762 verbio,
1608 3679 1666 3765 qui
1679 3704 1754 3748 eam
1771 3702 1927 3775 eequuu

244 3834 317 3897 tur
339 3819 391 3877 est
407 3799 510 3868 aliua.
554 3793 636 3861 Eiue
655 3793 740 3859 duae
761 3791 892 3858 formae
913 3803 1009 3877 eunt,
1037 3791 1130 3857 aliua
1151 3803 1185 3856 et
1210 3791 1292 3871 clia,
1313 3812 1395 3879 quaa
1415 3792 1546 3860 flexura
1563 3807 1710 3882 tantum,
1733 3820 1799 3865 nou
1814 3798 1929 3884 rigui-

246 3931 401 4000 ficatione
427 3911 581 3992 differre,
603 3909 788 3977 cLucretii
800 3910 827 3993 l,
848 3912 941 3975 1108.
960 3906 1176 3994 intelligiturz

554 4028 714 4113 Namque
735 4025 823 4092 alid
850 4046 894 4092 ex
915 4027 1003 4092 alio
1025 4024 1202 4109 clareacct,
1228 4046 1292 4090 nec
1314 4023 1375 4090 tibi
1394 4045 1489 4090 caeca
1535 4100 1538 4105 .

555 4146 639 4213 Nox
654 4144 722 4211 iter
735 4141 863 4233 eripiet

243 4277 322 4351 ibid.
342 4271 393 4351 Va
419 4267 510 4331 ¹³⁰4·

558 4379 612 4442 Sic
632 4378 720 4445 alid
748 4401 792 4444 cx
811 4376 899 4444 alio
925 4373 1059 4465 peperit
1078 4373 1245 4443 discordia
1265 4373 1377 4442 tristia.
