4320 5414
225 620 228 625 ,
321 565 364 652 d)
385 558 527 633 Plurslis
552 572 666 632 eutem
689 559 826 628 numeri
849 555 966 656 'torma
994 558 1068 627 dbis
1090 560 1181 652 apud
1199 559 1341 628 Latinos
1363 570 1458 630 extat
1478 559 1524 628 in'.
1538 560 1688 633 nobieet
1700 555 1818 654 nobb,
1843 573 1906 640 sed

219 705 284 777 pro
305 677 420 762 nobas,
440 675 460 744 b
481 678 595 749 littera
617 679 738 765 eiecta,
767 677 872 746 etiam
891 678 945 744 nis
966 677 1148 745 dicebatur.
1191 675 1258 762 (ef.
1276 678 1367 744 Fest.
1389 677 1425 746 in
1447 679 1533 746 Ere.
1549 680 1645 748 Pauli
1664 684 1765 751 Diae.
1786 683 1821 775 p.
1836 690 1910 773 86.)

166 779 170 785 ’
223 796 519 887 Quemadmodum
541 807 656 864 nutem
676 796 767 888 apud
787 794 892 864 Indos
919 792 957 864 in
977 794 1089 886 primu
1106 793 1287 862 nominum
1306 794 1549 880 declinatione,
1577 793 1625 862 llis
1642 797 1763 866 litteris
1785 802 1918 889 eiectis,

222 916 278 995 ais
301 926 439 991 ortums,
460 914 509 982 siu
529 929 577 996 ts,
605 913 664 999 qui
686 912 820 981 dativus
840 922 875 978 et
892 911 1057 980 ablativus
1081 911 1213 1000 primae
1235 920 1271 978 et
1288 911 1455 979 seoundae
1475 910 1708 983 declinationis
1724 917 1763 987 in
1785 918 1921 1007 pluratl

173 1073 178 1076 ·
205 1056 369 1103 uumero
397 1042 462 1113 est,
493 1040 612 1097 natum
635 1054 706 1097 esse
734 1040 836 1118 puto,
867 1051 950 1096 nam
979 1050 1066 1116 quae
1086 1027 1227 1117 propria
1246 1025 1312 1094 init
1332 1025 1464 1114 forma,
1487 1025 1676 1110 lanista„
1701 1052 1746 1105 ea
1763 1030 1919 1110 inbonis
2008 1109 2010 1113 ¹

226 1157 397 1219 eontracta
413 1158 473 1212 est.
516 1144 673 1236 Apparet
694 1146 816 1235 igitur,
839 1144 1074 1215 Romanasne
1096 1144 1249 1213 dativum
1270 1155 1305 1209 et
1320 1144 1641 1219 *ablativum‘ousum
1657 1144 1922 1235 sigmlieundnm

79 1323 82 1333 ,
199 1254 274 1335 ¹in⁴
288 1260 547 1354 pronominibus
572 1263 701 1352 primae
730 1277 764 1331 et
789 1260 955 1329 secundae
982 1284 1148 1351 personae
1180 1271 1215 1327 et
1241 1259 1436 1327 nominibus
1465 1275 1499 1329 et
1521 1264 1800 1349 pronominibus,
1829 1284 1919 1355 quau

227 1379 373 1470 primam
409 1390 444 1446 et
469 1374 651 1472 secundam
678 1379 936 1446 declinationem
962 1393 1164 1463 sequuntur,
1206 1399 1281 1444 eam
1310 1374 1475 1459 formam,
1500 1400 1592 1465 quae
1619 1379 1708 1468 apud
1738 1382 1840 1449 Indos
1856 1385 1923 1451 ,iu-

226 1493 457 1576 strumentalia
487 1516 558 1560 esse
586 1494 726 1579 dioitm,
755 1493 953 1561 adhibuisse.
1011 1492 1137 1560 Contra
1167 1516 1253 1581 quae
1272 1490 1394 1601 ,forma
1427 1492 1466 1559 in
1499 1516 1653 1561 numero-
1671 1499 1793 1585 plursli
1822 1501 1921 1588 opud
2015 1548 2021 1553 -

227 1611 334 1679 Indos
365 1609 661 1679 instrumentalem
696 1623 731 1676 et
764 1609 856 1698 apud
886 1608 1027 1675 Latinos
1054 1609 1208 1676 dativum
1245 1620 1280 1675 et
1305 1608 1493 1676 ablativum
1517 1610 1701 1696 significat,
1720 1611 1848 1680 ieedem
1870 1615 1920 1682 irs
2025 1638 2030 1648 ·

230 1724 396 1813 singulari
421 1746 566 1793 numero
595 1725 710 1794 dativo
731 1737 767 1792 et
789 1723 879 1814 apud
898 1725 1040 1791 Latinos
1061 1725 1177 1792 dativo
1199 1736 1235 1791 et
1253 1725 1401 1792 locativo
1420 1724 1606 1794 indicando
1620 1728 1794 1795 inservit.-
1816 1729 1924 1795 Eius-

232 1841 311 1907 dem
335 1839 475 1928 originis
498 1842 707 1909 Graecorum
731 1868 768 1927 ps
788 1855 823 1908 et
842 1867 913 1926 pse,
933 1841 1031 1931 ¹quod
1058 1854 1092 1943 et
1120 1839 1163 1907 sd
1191 1840 1395 1927 singularem
1422 1850 1458 1906 et
1487 1841 1530 1906 sd
1551 1840 1717 1929 pluralem
1738 1865 1928 1911 nnmerum·

231 1955 384 2039 additur,
415 1956 668 2044 videturesse,
697 1957 740 2024 de
759 1978 826 2045 qua
846 1979 903 2038 re,
931 1974 1036 2042 quum
1062 1957 1121 2023 illa
1143 1957 1269 2045 syllaba
1299 1950 1420 2033 minus
1433 1957 1676 2044 pronominum
1703 1949 1804 2046 quam
1824 1970 1922 2027 cete-

232 2062 352 2147 rorum
371 2075 550 2143 nominum
572 2074 791 2166 propriassit,
817 2071 884 2138 slio
905 2072 980 2138 loco
1001 2073 1100 2162 plura
1119 2083 1201 2138 sunt
1216 2071 1418 2140 disserenda.

1013 2282 1048 2364 §-
1082 2270 1144 2348 lu

514 2414 573 2472 uu
602 2415 825 2473 aestuavi
854 2413 996 2473 casus
1026 2414 1074 2470 1u
1099 2413 1382 2475 vaououluu
1406 2413 1647 2475 vasileus

250 2602 253 2607 .
329 2553 383 2634 211)
404 2550 549 2624 Delivns
565 2563 599 2619 et
622 2550 788 2620 ablativus
803 2550 978 2638 singularis
991 2549 1127 2619 numeri
1145 2549 1236 2639 apud
1249 2549 1391 2617 latinos
1406 2548 1516 2618 forms
1529 2552 1698 2619 differunt
1726 2553 1932 2642 Fuerequi·

241 2666 319 2736 dem
340 2668 497 2735 nonnulli
511 2669 548 2735 in
566 2691 607 2735 ea
623 2666 809 2752 sententia,
832 2679 871 2733 ut
890 2667 1058 2748 dicerent,
1079 2665 1219 2733 eandem
1238 2665 1276 2733 in
1292 2666 1404 2754 lingua
1421 2666 1527 2735 latina
1542 2668 1647 2748 dativi
1662 2681 1696 2736 et
1708 2671 1845 2739 ablativi
1860 2678 1930 2742 an·

241 2782 383 2868 tiquitus
403 2781 506 2851 fuisse
523 2783 690 2867 formam,
714 2802 753 2849 eo
770 2794 904 2872 postera
923 2784 1061 2850 demum
1075 2794 1185 2848 aetate
1202 2783 1262 2848 bos
1276 2803 1369 2846 essm
1382 2794 1414 2848 et
1427 2781 1538 2850 forma
1551 2807 1622 2852 esse
1636 2800 1670 2854 et
1682 2789 1926 2876 significatione

243 2898 413 2981 discretos.
455 2899 521 2968 sed
544 2900 583 2967 id
603 2901 760 2986 equidem
779 2900 881 2987 plane
898 2921 992 2966 secus
1013 2899 1117 2966 luins
1135 2909 1254 2964 statuo.
1297 2899 1434 2965 Etenim
1452 2921 1558 2985 quum
1572 2903 1661 2990 apud
1676 2904 1779 2971 Indos
1792 2905 1828 2975 in
1839 2931 1931 2997 pro-

244 3016 441 3082 nominibus
459 3016 619 3085 omnibus
642 3027 677 3081 et
698 3015 734 3080 in
748 3035 869 3101 magns
883 3014 984 3081 etism
999 3013 1176 3080 nominum
1192 3025 1285 3102 parte
1306 3016 1470 3082 ablativus
1482 3015 1555 3082 sive
1569 3016 1596 3080 el
1611 3019 1684 3084 sive
1699 3022 1837 3088 statera
1853 3035 1930 3090 ter·

245 3129 413 3215 minetur,
438 3126 522 3217 (abt,
538 3108 707 3210 nwt'me,
728 3140 813 3198 troas
832 3141 883 3210 se,
906 3141 1035 3199 saumas
1054 3129 1133 3212 boo,
1155 3142 1303 3198 etormet
1315 3130 1451 3211 eodem,
1472 3129 1709 3220 wlfelius)
1723 3147 1759 3201 et
1777 3136 1815 3210 in
1836 3140 1932 3204 anti-

216 3320 220 3351 Ι
246 3243 416 3334 quissimis
431 3246 569 3332 linguae
591 3228 751 3315 romense
770 3246 1019 3330 monumentis,
1041 3246 1078 3312 in
1098 3247 1275 3314 columnae
1296 3259 1459 3313 rostratae
1478 3247 1695 3337 inscriptione
1719 3250 1936 3320 et'Senatus·

249 3360 401 3428 consulto
421 3360 466 3428 de
485 3362 767 3445 Rauennatibus,
789 3384 910 3428 omnes
930 3346 1065 3428 ablativi
1084 3363 1262 3451 singularis
1283 3366 1417 3430 numeri
1430 3364 1466 3429 in
1479 3361 1505 3427 d
1517 3377 1662 3432 eneants.
1677 3378 1767 3434 reete
1780 3369 1938 3457 Boppius-

248 3472 401 3565 (Abhdll.
418 3475 777 3549 der‘BerbAkademie
794 3478 887 3554 1826,
901 3476 1060 3564 21.Dec.)
1079 3479 1251 3565 antiquam
1267 3479 1404 3546 ablativi
1416 3479 1592 3566 singularis
1605 3479 1752 3549 formum
1765 3483 1801 3550 in
1815 3485 1934 3554 omni-
2042 3474 2048 3483 ’

250 3590 319 3658 bus,
332 3591 383 3659 his
402 3592 527 3681 linguis
545 3595 583 3663 in
603 3594 629 3663 d
644 3595 752 3667 exisse
767 3616 909 3683 eumque
931 3616 951 3677 s
964 3594 1097 3662 Latinis
1115 3616 1156 3660 eo
1171 3607 1344 3682 tempore,
1367 3615 1436 3679 quo
1448 3595 1606 3663 solumne
1620 3607 1761 3664 rostrata
1773 3611 1808 3664 et
1821 3594 1937 3670 Senass

249 3711 491 3791 tusoonsultum
507 3711 550 3778 de
562 3711 824 3804 Raocbsnslibus
836 3709 1027 3780 eoruiectum
1041 3722 1109 3795 est,
1130 3711 1317 3799 religiosius
1329 3711 1430 3778 etism
1447 3731 1546 3796 quum
1561 3714 1602 3779 ab
1613 3711 1695 3800 ipsis
1704 3714 1800 3782 ¹indis
1814 3730 1940 3787 reten·.
2007 3789 2010 3793 ,

250 3833 320 3895 tam
340 3850 413 3907 esse
425 3827 601 3901 iudicavit.
644 3830 742 3917 Quae
759 3849 962 3917 quum-vers
982 3827 1067 3909 sint,
1087 3827 1222 3914 liuguae
1241 3828 1398 3896 aendiese
1415 3825 1668 3916 eomputatione
1682 3832 1938 3920 oomprobetur,

105 4039 108 4045 Ι
254 3959 334 4009 nam
350 3944 414 4019 hue
427 3943 599 4032 intingue
610 3943 683 4013 iere
694 3945 731 4014 in
744 3946 899 4014 omnibus
915 3943 1052 4010 verbist
1066 3944 1203 4011 ablativi
1215 3943 1318 4012 fuisse
1333 3944 1488 4030 signum,
1503 3966 1529 4008 e
1540 3942 1715 4012 Zoroastri
1729 3946 1814 4012 libro
1834 3944 1939 4016 Ven—

256 4051 366 4123 didas
378 4059 485 4143 Scede,
496 4082 606 4148 ,quem
619 4061 815 4153 nuperrime
827 4057 988 4128 Burnouf
997 4059 1131 4125 Parisiis
1151 4061 1266 4143 edidit,
1287 4071 1437 4150 apparet.
1480 4055 1551 4143 (Cf.
1564 4057 1717 4126 Berliner
1728 4061 1939 4132 Jahrbiieber

259 4170 321 4239 der
341 4174 680 4248 wissenscbsitlielten
695 4178 807 4246 Kritik
823 4181 918 4256 1851,
933 4177 996 4245 Nr.
1014 4174 1082 4262 46.)
1112 4178 1211 4245 Patet
1228 4178 1347 4265 igitur,
1370 4175 1613 4265 pronominum
1626 4198 1756 4264 quoque
1770 4200 1941 4249 romano-

258 4308 338 4359 rum
366 4287 549 4383 ablativum
571 4293 609 4364 in
633 4293 795 4382 singulm·
815 4316 960 4361 numero
982 4291 1008 4357 d
1033 4292 1181 4362 litteram
1208 4292 1380 4374 habuisse,
1409 4312 1513 4377 quam
1531 4290 1689 4359 litteram·
1703 4282 1944 4381 paragogieam,

187 4421 194 4427 ·
260 4404 470 4493 grammatici
492 4409 598 4477 nostri
615 4423 747 4477 vorant.
787 4411 870 4479 Eius
890 4409 1020 4498 primus
1042 4408 1249 4480 mentionem
1272 4407 1353 4479 feeit
1366 4406 1642 4494 Quintilianus,
1663 4413 1695 4495 7,
1721 4414 1769 4478 ta
1796 4409 1941 4483 Latinis

262 4516 444 4607 ventibus,
470 4518 600 4613 inquit,
623 4519 652 4589 d
669 4521 835 4613 ptotmte
860 4525 899 4593 iu
924 4519 1034 4595 verbis
1058 4525 1188 4617 ultimo
1213 4521 1369 4611 adiecto,
1395 4520 1488 4612 quod
1512 4522 1739 4613 manifestum
1758 4531 1938 4601 autetiam
