4320 5414
1793 379 1842 465 H

87 577 88 580 ’
157 575 365 659 videbimus,
389 574 531 644 eandem
551 574 651 642 huius
672 575 885 665 pronominis
906 556 1400 668 produotionem.reperiamus.
1443 579 1619 646 Praeterea
1637 601 1842 670 comparau-

154 684 219 760 dae
236 704 315 757 sunt
328 690 480 778 singulae
503 691 636 758 formae
653 693 850 775 uocueativi,
873 693 922 759 im
935 706 969 760 et
982 718 1054 777 em,
1077 716 1222 781 quarum
1235 696 1337 760 altera
1352 717 1373 759 a
1384 695 1482 761 Festo
1496 694 1533 760 in
1547 672 1728 784 Excerptis
1741 696 1839 790 Pauli

66 898 69 903 Ι
150 807 296 876 Diaconi
317 806 461 893 exempl.
484 805 711 876 Lindemanni
730 831 763 898 p.
781 812 832 875 86.
854 833 882 875 a·
902 833 936 876 v.
960 812 1086 891 colim,
1106 812 1212 877 altera
1232 811 1311 879 ibid.
1336 833 1369 897 p.
1384 810 1436 878 68.
1449 835 1476 877 s.
1496 834 1528 877 ν.
1543 834 1597 876 em
1619 825 1669 878 eet
1683 834 1836 878 comme-

147 936 295 1004 morata3
316 934 348 988 et
362 944 469 987 omem
481 943 544 1011 pro
557 922 698 991 eundem
710 923 790 995 ibid.
805 949 839 1014 p.
854 928 926 1010 67„
946 927 1077 1011 radice,
1099 927 1186 993 utin
1201 927 1366 1014 quisquis,
1385 928 1537 1014 repetita·
1581 926 1688 1017 Apud
1703 927 1835 1003 Gothos

145 1041 212 1108 hoo
225 1062 415 1131 pronomen
430 1038 476 1121 is,
497 1037 540 1126 si,
555 1038 615 1111 ,ito
636 1053 694 1108 est.
723 1041 772 1124 si,
792 1041 948 1109 feminini
962 1042 1093 1130 generis
1108 1041 1230 1127 forma,
1252 1043 1289 1117 in
1303 1041 1416 1127 lingua
1428 1042 1560 1128 gothica
1573 1043 1611 1108 in
1627 1043 1839 1123 nominativo

23 1212 30 1219 .
127 1140 282 1229 ‘tantum
303 1155 490 1242 reperitur,
504 1156 624 1223 :ceteri
639 1176 727 1229 'varo
751 1180 846 1227 casus
867 1158 1024 1227 feminini
1043 1159 1175 1246 generis
1196 1157 1404 1249 emapoulini
1418 1159 1530 1224 radice
1544 1159 1759 1239 derivantur3
1780 1158 1839 1233 sed

145 1274 185 1339 in
203 1271 276 1337 aliis
299 1271 503 1358 populorum
520 1274 792 1358 germanicorum
813 1286 847 1340 et
860 1277 1027 1343 veteribus
1041 1287 1075 1341 et
1088 1273 1329 1342 recentioribus
1342 1273 1509 1362 liuguis'sa'
1522 1275 1623 1341 etiam
1639 1275 1682 1340 ad
1700 1296 1837 1345 accusas

147 1389 257 1457 tivum
274 1385 499 1471 ,formandum
521 1389 716 1472 adhibetur,
743 1391 796 1457 uti*
809 1403 858 1458 est
872 1392 909 1457 in
923 1405 1039 1476 nostro
1055 1392 1256 1480 pronomina
1270 1388 1317 1473 er,
1337 1391 1417 1477 sie,
1439 1413 1543 1456 en-
1585 1390 1680 1456 Idem
1696 1412 1833 1480 prono·
1931 1392 1934 1396 ’

144 1527 227 1571 men
241 1502 404 1568 Indorum
424 1504 539 1592 lingua
554 1505 670 1571 habete
698 1506 816 1595 ajam,
839 1508 946 1597 ijam,
969 1507 1083 1588 irhsm3
1105 1507 1216 1574 demta
1236 1508 1326 1573 enim
1346 1529 1405 1572 om
1419 1507 1555 1587 vocula,
1576 1528 1661 1594 quae
1676 1504 1718 1573 ad
1734 1507 1831 1573 verbi

144 1618 217 1696 vim
240 1618 426 1705 augendam
440 1631 488 1685 ast
502 1620 629 1703 addita,
651 1624 698 1704 d,
714 1644 747 1703 a,
767 1622 806 1688 id
817 1635 984 1710 superest,
1005 1621 1186 1707 quodcum
1202 1621 1312 1688 latinis
1329 1620 1447 1688 formis
1463 1622 1645 1689 admodum
1661 1625 1827 1709 congruit.
1915 1612 1928 1654 ³

133 1718 280 1802 'Etenim
301 1733 391 1819 apud
405 1734 507 1800 Indos
526 1757 677 1822 quoque,
699 1750 738 1803 ut
759 1740 796 1804 in
812 1738 927 1823 lingua
944 1738 1048 1807 latina
1064 1735 1191 1805 iactum
1205 1759 1275 1803 esse
1289 1759 1391 1825 supra
1405 1737 1571 1821 vidimus,
1594 1737 1657 1803 iin
1673 1718 1827 1806 declina·
1934 1763 1937 1766 ’

143 1851 236 1919 tione
254 1848 457 1937 productum
479 1862 538 1916 est.
582 1851 710 1920 Eadem
728 1855 826 1921 radix
838 1854 875 1921 in
895 1855 940 1921 iti
959 1854 1008 1919 sio
1023 1865 1131 1937 extat,
1144 1863 1189 1921 et
1201 1853 1238 1937 in
1252 1851 1311 1918 ihu
1324 1852 1397 1936 hie,
1420 1853 1508 1940 quod
1523 1853 1722 1941 proprisset
1737 1853 1824 1935 itha,

141 1968 193 2038 uti
212 1992 231 2033 e
250 1968 365 2053 lingua
385 1965 512 2043 zeulica
531 1979 679 2061 apparet.
710 1970 874 2057 ,Simplex
893 1970 994 2035 etiam
1009 1970 1143 2055 linguae
1159 1968 1338 2034 sanseritae
1352 1989 1542 2054 pronomen
1556 1981 1706 2056 superest
1722 1969 1822 2056 inid,
1843 1988 1846 1993 ’

42 2072 47 2077 ’
88 2063 89 2066 ¹
142 2084 232 2170 quod
247 2080 401 2162 adtscha
415 2080 564 2148 additum
579 2084 725 2168 teolmed,
748 2087 946 2176 particulam
959 2085 1230 2169 conditionalem,
1253 2082 1368 2150 elficit.
1413 2079 1481 2171 (Cf.
1498 2083 1618 2173 Boppii
1631 2082 1820 2154 Grammat.
1881 2135 1884 2140 -
1929 2166 1932 2171 ¹

140 2199 273 2296 liuguae
299 2220 421 2269 sanecr..
448 2198 477 2282 S.
501 2197 587 2284 687.)
637 2202 755 2290 Atque
776 2202 812 2268 in
832 2203 931 2290 Rigf
947 2202 1061 2272 Vedae
1080 2201 1284 2291 specimine,
1313 2197 1509 2288 nuperrime
1519 2199 1676 2269 -Londini
1699 2225 1720 2267 a
1741 2200 1818 2278 Ro:
1890 2301 1894 2309 ι
1967 2299 1973 2307 ἡ

139 2314 233 2392 aenio
254 2315 354 2398 edito,
378 2317 427 2388 im
442 2317 544 2384 etiam
559 2331 623 2409 p'ro
636 2342 713 2386 eum
727 2319 907 2409 reperitur,
930 2332 962 2386 et
976 2319 1014 2386 id
1027 2331 1204 2404 neutrum,
1226 2317 1314 2406 quod
1333 2315 1527 2406 pronomini
1544 2316 1817 2404 demonstrativo,

140 2444 178 2501 ut
196 2434 266 2500 eius
286 2431 337 2499 vis
352 2445 529 2518 augeatur,
552 2435 776 2520 subiungitur.
819 2438 862 2500 In
878 2436 996 2501 eodem
1014 2437 1242 2520 antiquissimo
1256 2434 1390 2517 linguae
1401 2432 1580 2498 sanseritae
1595 2448 1817 2504 monumento

139 2549 206 2617 sim
224 2570 287 2635 pro
311 2569 389 2613 eom
410 2547 551 2629 dicitur,
579 2569 663 2632 quae
683 2548 863 2614 accusativi
885 2525 997 2615 forma
1015 2549 1062 2616 ita
1081 2549 1166 2615 mihi
1187 2543 1382 2634 explicanda
1404 2542 1643 2630 videturesse,
1664 2560 1702 2613 ut
1714 2549 1817 2617 etiam

138 2663 241 2731 Indos
263 2677 413 2744 veteres,
434 2660 532 2726 sicuti
554 2662 718 2728 Germani
738 2660 911 2746 fecerunt,
936 2663 982 2729 ad
1003 2662 1159 2729 feminini
1178 2658 1312 2748 generis
1332 2679 1425 2726 casus
1441 2658 1604 2744 quosdam
1618 2657 1816 2729 formandos

114 2755 118 2765 .
141 2779 289 2849 dicamus
307 2776 475 2859 radicem,
496 2798 581 2863 quae
600 2800 620 2843 a
640 2803 657 2842 s
677 2778 790 2843 littera
812 2778 991 2866 inciperet,
1017 2778 1215 2846 adhibuisse.
1259 2771 1417 2843 Eiusdem
1438 2773 1556 2840 radicis
1576 2776 1667 2842 haud
1685 2776 1754 2842 soio
1768 2798 1815 2845 an

139 2895 231 2984 apud
245 2893 419 2960 Romanos
441 2914 574 2979 quoque
596 2892 735 2979 vestigia
748 2894 977 2982 reperiantur,
995 2915 1099 2979 eaque
1117 2889 1371 2980 agrammatiois
1385 2889 1422 2956 iu
1436 2891 1677 2979 pronominum
1691 2895 1833 2959 numeae'
1895 2952 1897 2954 ,
1980 2953 1983 2959 .

138 3032 215 3082 rum
234 3008 426 3097 recipienda
438 3006 514 3076 siut}
557 3008 593 3075 N
594 3031 647 3074 am
661 3032 736 3074 sum
750 3032 814 3096 pro
828 3033 906 3076 eum
920 3009 1005 3077 dixit
1018 3009 1167 3075 Enniuss

402 3200 408 3209 .
500 3201 503 3205 .
553 3142 628 3207 Neo
649 3141 823 3226 quisquam
837 3141 1084 3230 philosophiam

459 3307 462 3313 .
551 3257 592 3322 In
621 3256 748 3322 somnis
767 3257 851 3323 vidit
872 3259 984 3346 prius,
1014 3277 1115 3344 quam
1135 3277 1212 3322 sam
1230 3253 1360 3322 discere
1381 3251 1512 3341 eoepit3

138 3358 174 3462 et
191 3387 298 3483 'sapsa
317 3416 380 3484 pro
403 3393 479 3482 ipso
498 3389 590 3458 idem
610 3389 760 3458 Ennius:
1545 3376 1546 3379 ’

553 3521 632 3609 Quo
654 3545 708 3589 res
721 3540 832 3611 ¹sscrpso
859 3522 933 3588 loeo
960 3542 1032 3585 sese
1054 3528 1218 3598 ostentat3

139 3672 174 3724 et
196 3655 360 3723 Pacuvius
388 3656 426 3722 in
448 3656 599 3723 Teucro:

135 3760 141 3768 '
548 3773 643 3840 Nam
668 3772 839 3843 Teucrum
866 3765 938 3854 regi
964 3785 1067 3853 sapsa
1085 3781 1148 3831 'res
1174 3759 1355 3830 restibiliet.

137 3887 207 3974 (Cf.
239 3884 377 3954 Festum
406 3887 444 3954 in
471 3886 680 3976 Fragmentis
709 3887 854 3979 exempl.
880 3880 1108 3949 Lindemanni
1127 3901 1161 3968 p.
1182 3878 1271 3966 253.)
1311 3861 1432 3964 Neque
1452 3874 1564 3942 solum
1584 3873 1740 3976 seminini
1758 3896 1816 3967 gei
1887 3924 1890 3931 ·

111 4005 225 4073 ‘ueris
253 4002 382 4071 formas
399 4004 589 4089 quasdam,
616 4016 655 4070 ut
687 4003 762 4070 Indi
793 4014 826 4068 et
854 3997 1037 4080 Germani,
1064 4018 1184 4062 verum
1211 3994 1311 4061 etiem
1340 3993 1517 4062 masculini
1545 4014 1588 4059 ex
1616 3992 1678 4059 hae
1704 3994 1816 4062 radice

58 4098 66 4113 ⁸
131 4111 341 4191 'derivamus
384 4123 477 4188 Nam
506 4120 596 4207 idem
618 4121 735 4186 Festus
758 4121 794 4187 in
814 4117 948 4205 Fragm.
967 4137 1002 4204 p.
1018 4110 1093 4179 241.
1115 4124 1148 4178 et
1167 4135 1201 4202 p.
1222 4111 1299 4177 242.
1319 4131 1398 4176 sum
1418 4132 1482 4199 pro
1502 4130 1578 4176 eum
1600 4108 1723 4177 dixisse
1742 4111 1816 4179 En·

135 4235 231 4303 nium
254 4236 441 4305 Annalium
462 4237 547 4304 libro
564 4239 593 4303 Ι.
616 4243 874 4305 commemorat:

130 4330 186 4366 ἐν’)
219 4350 242 4367 ”
434 4352 439 4360 ’
557 4369 609 4436 At
628 4351 665 4433 tu
687 4390 777 4449 non,
800 4377 840 4431 ut
860 4387 955 4445 sum,
976 4382 1108 4429 summa
1128 4381 1264 4427 servare
1286 4358 1381 4428 decet
1401 4380 1494 4442 rem3

126 4480 169 4604 pt
196 4471 283 4549 liliro
304 4470 352 4554 ΙΙ.Ι
548 4483 610 4550 ·Ει
630 4506 699 4551 sese
713 4506 788 4550 sum
802 4504 888 4569 quae
911 4479 1047 4560 dederat
1061 4470 1099 4546 in
1112 4476 1248 4545 luminis
1267 4499 1341 4544 oras
1348 4500 1360 4559 3
1376 4475 1379 4480 ’

1353 4619 1425 4687 ua
